option "title" "OKLink 代币账本"
option "operating_currency" "CNY"

1970-01-01 open Assets:Crypto:Ethereum:USDC
1970-01-01 open Assets:Crypto:Ethereum:USDT
1970-01-01 open Assets:Crypto:Software:Ethereum:0x1429****7f855c
1970-01-01 open Assets:FIXME
1970-01-01 open Expenses:FIXME
1970-01-01 open Expenses:Food:Meal
1970-01-01 open Income:Crypto:Airdrop
1970-01-01 open Income:Crypto:Transfer

2025-11-06 * "0x07f3****b35fed" "USDT Receive" #Stablecoin #USDT
	blockNo: "23734822"
	contractAddress: "0xff7b****1b9f44"
	direction: "recv"
	from: "0x07f3****b35fed"
	to: "0x1429****7f855c"
	tokenName: "USDT"
	tokenSymbol: "USDT"
	txHash: "0xf2e8ab****ac8ce0d4"
	Assets:Crypto:Software:Ethereum:0x1429****7f855c 46000.00000000 USDT
	Income:Crypto:Transfer -46000.00000000 USDT

2025-11-06 * "0x734f****fc131a" "USDT Send" #Stablecoin #USDT
	blockNo: "23734857"
	contractAddress: "0xff7b****1b9f44"
	direction: "send"
	from: "0x1429****7f855c"
	to: "0x734f****fc131a"
	tokenName: "USDT"
	tokenSymbol: "USDT"
	txHash: "0xf14479****6366bddb"
	Expenses:FIXME 3893.10000000 USDT
	Assets:Crypto:Software:Ethereum:0x1429****7f855c -3893.10000000 USDT

2025-11-06 * "0xdc15****ef6afe" "USDT Send" #Stablecoin #USDT
	blockNo: "23734859"
	contractAddress: "0xff7b****1b9f44"
	direction: "send"
	from: "0x1429****7f855c"
	to: "0xdc15****ef6afe"
	tokenName: "USDT"
	tokenSymbol: "USDT"
	txHash: "0x3b6780****fc2d99cc"
	Expenses:FIXME 1940.85000000 USDT
	Assets:Crypto:Software:Ethereum:0x1429****7f855c -1940.85000000 USDT

2025-11-06 * "0x119b****364eff" "USDT Receive" #Stablecoin #USDT
	blockNo: "23734876"
	contractAddress: "0xff7b****1b9f44"
	direction: "recv"
	from: "0x119b****364eff"
	to: "0x1429****7f855c"
	tokenName: "USDT"
	tokenSymbol: "USDT"
	txHash: "0x3944ee****b1d60cbc"
	Assets:Crypto:Software:Ethereum:0x1429****7f855c 0.00389300 USDT
	Income:Crypto:Transfer -0.00389300 USDT

2025-11-06 * "0xd499****aefd88" "USDT Receive" #Stablecoin #USDT
	blockNo: "23734876"
	contractAddress: "0xff7b****1b9f44"
	direction: "recv"
	from: "0xd499****aefd88"
	to: "0x1429****7f855c"
	tokenName: "USDT"
	tokenSymbol: "USDT"
	txHash: "0x9c371d****7a71328b"
	Assets:Crypto:Software:Ethereum:0x1429****7f855c 0.00194000 USDT
	Income:Crypto:Transfer -0.00194000 USDT

2025-11-06 * "0x07f3****b35fed" "USDC Receive" #Stablecoin #USDC
	blockNo: "23734882"
	contractAddress: "0xcaf2****16e452"
	direction: "recv"
	from: "0x07f3****b35fed"
	to: "0x1429****7f855c"
	tokenName: "USDC"
	tokenSymbol: "USDC"
	txHash: "0xfea8d5****248a2240"
	Assets:Crypto:Ethereum:USDC 20000.00000000 USDC
	Income:Crypto:Transfer -20000.00000000 USDC

2025-11-06 * "0xcaf0****137b3e" "USDT Send" #Stablecoin #USDT
	blockNo: "23734906"
	contractAddress: "0xff7b****1b9f44"
	direction: "send"
	from: "0x1429****7f855c"
	to: "0xcaf0****137b3e"
	tokenName: "USDT"
	tokenSymbol: "USDT"
	txHash: "0x5d2fdc****76c260b8"
	Expenses:FIXME 190.00000000 USDT
	Assets:Crypto:Software:Ethereum:0x1429****7f855c -190.00000000 USDT

2025-11-06 * "0x0319****391ab2" "USDT Send" #Stablecoin #USDT
	blockNo: "23734907"
	contractAddress: "0xff7b****1b9f44"
	direction: "send"
	from: "0x1429****7f855c"
	to: "0x0319****391ab2"
	tokenName: "USDT"
	tokenSymbol: "USDT"
	txHash: "0x611157****c0d94815"
	Expenses:FIXME 412.30000000 USDT
	Assets:Crypto:Software:Ethereum:0x1429****7f855c -412.30000000 USDT

2025-11-06 * "0x69a6****811490" "USDT Send" #Stablecoin #USDT
	blockNo: "23734909"
	contractAddress: "0xff7b****1b9f44"
	direction: "send"
	from: "0x1429****7f855c"
	to: "0x69a6****811490"
	tokenName: "USDT"
	tokenSymbol: "USDT"
	txHash: "0x70bb15****f22f105b"
	Expenses:FIXME 950.00000000 USDT
	Assets:Crypto:Software:Ethereum:0x1429****7f855c -950.00000000 USDT

2025-11-06 * "0xd3a8****a3ae4c" "USDT Send" #Stablecoin #USDT
	blockNo: "23734911"
	contractAddress: "0xff7b****1b9f44"
	direction: "send"
	from: "0x1429****7f855c"
	to: "0xd3a8****a3ae4c"
	tokenName: "USDT"
	tokenSymbol: "USDT"
	txHash: "0xbbb60b****4f83fb07"
	Expenses:FIXME 478.80000000 USDT
	Assets:Crypto:Software:Ethereum:0x1429****7f855c -478.80000000 USDT

2025-11-06 * "0x1ff1****ea03af" "USDT Send" #Stablecoin #USDT
	blockNo: "23734913"
	contractAddress: "0xff7b****1b9f44"
	direction: "send"
	from: "0x1429****7f855c"
	to: "0x1ff1****ea03af"
	tokenName: "USDT"
	tokenSymbol: "USDT"
	txHash: "0x5eccb0****9cfd884f"
	Expenses:FIXME 712.50000000 USDT
	Assets:Crypto:Software:Ethereum:0x1429****7f855c -712.50000000 USDT

2025-11-06 * "0x4fc0****803197" "USDT Send" #Stablecoin #USDT
	blockNo: "23734915"
	contractAddress: "0xff7b****1b9f44"
	direction: "send"
	from: "0x1429****7f855c"
	to: "0x4fc0****803197"
	tokenName: "USDT"
	tokenSymbol: "USDT"
	txHash: "0x7fa5b0****cfd82057"
	Expenses:FIXME 475.00000000 USDT
	Assets:Crypto:Software:Ethereum:0x1429****7f855c -475.00000000 USDT

2025-11-06 * "0x832c****a8dc6a" "USDT Send" #Stablecoin #USDT
	blockNo: "23734916"
	contractAddress: "0xff7b****1b9f44"
	direction: "send"
	from: "0x1429****7f855c"
	to: "0x832c****a8dc6a"
	tokenName: "USDT"
	tokenSymbol: "USDT"
	txHash: "0xeb7fe4****b40fa9c0"
	Expenses:FIXME 6032.50000000 USDT
	Assets:Crypto:Software:Ethereum:0x1429****7f855c -6032.50000000 USDT

2025-11-06 * "0xd7bd****da04ec" "USDT Send" #Stablecoin #USDT
	blockNo: "23735058"
	contractAddress: "0xff7b****1b9f44"
	direction: "send"
	from: "0x1429****7f855c"
	to: "0xd7bd****da04ec"
	tokenName: "USDT"
	tokenSymbol: "USDT"
	txHash: "0x18eb87****37ec0d6a"
	Expenses:FIXME 493.52500000 USDT
	Assets:Crypto:Software:Ethereum:0x1429****7f855c -493.52500000 USDT

2025-11-06 * "0x6b95****e4c4e0" "USDT Send" #Stablecoin #USDT
	blockNo: "23735060"
	contractAddress: "0xff7b****1b9f44"
	direction: "send"
	from: "0x1429****7f855c"
	to: "0x6b95****e4c4e0"
	tokenName: "USDT"
	tokenSymbol: "USDT"
	txHash: "0x2ffe28****253403a5"
	Expenses:FIXME 498.23700000 USDT
	Assets:Crypto:Software:Ethereum:0x1429****7f855c -498.23700000 USDT

2025-11-06 * "0x4fc0****803197" "USDT Send" #Stablecoin #USDT
	blockNo: "23735061"
	contractAddress: "0xff7b****1b9f44"
	direction: "send"
	from: "0x1429****7f855c"
	to: "0x4fc0****803197"
	tokenName: "USDT"
	tokenSymbol: "USDT"
	txHash: "0x3ef238****4b7ddab7"
	Expenses:FIXME 322.70550000 USDT
	Assets:Crypto:Software:Ethereum:0x1429****7f855c -322.70550000 USDT

2025-11-06 * "0x7040****4415ac" "0xd1e0****0858e6 Send"
	blockNo: "23735064"
	contractAddress: "0x0b77****3a6e1b"
	direction: "send"
	from: "0x1429****7f855c"
	to: "0x7040****4415ac"
	tokenName: "0xd1e0****0858e6"
	tokenSymbol: "0xd1e0****0858e6"
	txHash: "0xa1de86****e020a6a3"
	Expenses:FIXME 322.70550000 0xd1e0****0858e6
	Assets:Crypto:Software:Ethereum:0x1429****7f855c -322.70550000 0xd1e0****0858e6

2025-11-06 * "0x4cc0****38434b" "USDT Send" #Stablecoin #USDT
	blockNo: "23735065"
	contractAddress: "0xff7b****1b9f44"
	direction: "send"
	from: "0x1429****7f855c"
	to: "0x4cc0****38434b"
	tokenName: "USDT"
	tokenSymbol: "USDT"
	txHash: "0x6391b4****3520ea9b"
	Expenses:FIXME 1006.05000000 USDT
	Assets:Crypto:Software:Ethereum:0x1429****7f855c -1006.05000000 USDT

2025-11-06 * "0xb389****adc75b" "USDT Send" #Stablecoin #USDT
	blockNo: "23735067"
	contractAddress: "0xff7b****1b9f44"
	direction: "send"
	from: "0x1429****7f855c"
	to: "0xb389****adc75b"
	tokenName: "USDT"
	tokenSymbol: "USDT"
	txHash: "0x47ee4f****4537ef72"
	Expenses:FIXME 218.50000000 USDT
	Assets:Crypto:Software:Ethereum:0x1429****7f855c -218.50000000 USDT

2025-11-06 * "0x8a46****d8ac3e" "0xd1e0****0858e6 Send"
	blockNo: "23735069"
	contractAddress: "0x0b77****3a6e1b"
	direction: "send"
	from: "0x1429****7f855c"
	to: "0x8a46****d8ac3e"
	tokenName: "0xd1e0****0858e6"
	tokenSymbol: "0xd1e0****0858e6"
	txHash: "0xd9e1e3****f2794f72"
	Expenses:FIXME 498.23700000 0xd1e0****0858e6
	Assets:Crypto:Software:Ethereum:0x1429****7f855c -498.23700000 0xd1e0****0858e6

2025-11-06 * "0x1f46****a87312" "USDT Send" #Stablecoin #USDT
	blockNo: "23735069"
	contractAddress: "0xff7b****1b9f44"
	direction: "send"
	from: "0x1429****7f855c"
	to: "0x1f46****a87312"
	tokenName: "USDT"
	tokenSymbol: "USDT"
	txHash: "0xbb8d0b****e6e9adcc"
	Expenses:FIXME 3040.00000000 USDT
	Assets:Crypto:Software:Ethereum:0x1429****7f855c -3040.00000000 USDT

2025-11-06 * "0x4610****4d1ab9" "0xd1e0****0858e6 Send"
	blockNo: "23735071"
	contractAddress: "0x0b77****3a6e1b"
	direction: "send"
	from: "0x1429****7f855c"
	to: "0x4610****4d1ab9"
	tokenName: "0xd1e0****0858e6"
	tokenSymbol: "0xd1e0****0858e6"
	txHash: "0xfe4d21****406752f0"
	Expenses:FIXME 218.50000000 0xd1e0****0858e6
	Assets:Crypto:Software:Ethereum:0x1429****7f855c -218.50000000 0xd1e0****0858e6

2025-11-06 * "0x69a6****811490" "USDT Send" #Stablecoin #USDT
	blockNo: "23735071"
	contractAddress: "0xff7b****1b9f44"
	direction: "send"
	from: "0x1429****7f855c"
	to: "0x69a6****811490"
	tokenName: "USDT"
	tokenSymbol: "USDT"
	txHash: "0x507e4c****72ba2b61"
	Expenses:FIXME 1900.00000000 USDT
	Assets:Crypto:Software:Ethereum:0x1429****7f855c -1900.00000000 USDT

2025-11-06 * "0x4fc0****803197" "USDT Send" #Stablecoin #USDT
	blockNo: "23735072"
	contractAddress: "0xff7b****1b9f44"
	direction: "send"
	from: "0x1429****7f855c"
	to: "0x4fc0****803197"
	tokenName: "USDT"
	tokenSymbol: "USDT"
	txHash: "0x6d2a35****b032801a"
	Expenses:FIXME 308.75000000 USDT
	Assets:Crypto:Software:Ethereum:0x1429****7f855c -308.75000000 USDT

2025-11-06 * "0x48b4****de877b" "0xd1e0****0858e6 Send"
	blockNo: "23735074"
	contractAddress: "0x0b77****3a6e1b"
	direction: "send"
	from: "0x1429****7f855c"
	to: "0x48b4****de877b"
	tokenName: "0xd1e0****0858e6"
	tokenSymbol: "0xd1e0****0858e6"
	txHash: "0x420eff****c8352f29"
	Expenses:FIXME 1900.00000000 0xd1e0****0858e6
	Assets:Crypto:Software:Ethereum:0x1429****7f855c -1900.00000000 0xd1e0****0858e6

2025-11-06 * "0x01ae****0b54ca" "0xd1e0****0858e6 Send"
	blockNo: "23735074"
	contractAddress: "0x0b77****3a6e1b"
	direction: "send"
	from: "0x1429****7f855c"
	to: "0x01ae****0b54ca"
	tokenName: "0xd1e0****0858e6"
	tokenSymbol: "0xd1e0****0858e6"
	txHash: "0x420eff****c8352f29"
	Expenses:FIXME 1006.05000000 0xd1e0****0858e6
	Assets:Crypto:Software:Ethereum:0x1429****7f855c -1006.05000000 0xd1e0****0858e6

2025-11-06 * "0xe118****04fb0d" "USDT Send" #Stablecoin #USDT
	blockNo: "23735074"
	contractAddress: "0xff7b****1b9f44"
	direction: "send"
	from: "0x1429****7f855c"
	to: "0xe118****04fb0d"
	tokenName: "USDT"
	tokenSymbol: "USDT"
	txHash: "0x812bd8****1d6f4df6"
	Expenses:FIXME 190.95000000 USDT
	Assets:Crypto:Software:Ethereum:0x1429****7f855c -190.95000000 USDT

2025-11-06 * "0x358f****cc8cef" "0xd1e0****0858e6 Send"
	blockNo: "23735074"
	contractAddress: "0x0b77****3a6e1b"
	direction: "send"
	from: "0x1429****7f855c"
	to: "0x358f****cc8cef"
	tokenName: "0xd1e0****0858e6"
	tokenSymbol: "0xd1e0****0858e6"
	txHash: "0x420eff****c8352f29"
	Expenses:FIXME 3040.00000000 0xd1e0****0858e6
	Assets:Crypto:Software:Ethereum:0x1429****7f855c -3040.00000000 0xd1e0****0858e6

2025-11-06 * "0x7040****4415ac" "0xd1e0****0858e6 Send"
	blockNo: "23735075"
	contractAddress: "0x0b77****3a6e1b"
	direction: "send"
	from: "0x1429****7f855c"
	to: "0x7040****4415ac"
	tokenName: "0xd1e0****0858e6"
	tokenSymbol: "0xd1e0****0858e6"
	txHash: "0x1cc897****929cfced"
	Expenses:FIXME 308.75000000 0xd1e0****0858e6
	Assets:Crypto:Software:Ethereum:0x1429****7f855c -308.75000000 0xd1e0****0858e6

2025-11-06 * "0x1ff1****ea03af" "USDT Send" #Stablecoin #USDT
	blockNo: "23735076"
	contractAddress: "0xff7b****1b9f44"
	direction: "send"
	from: "0x1429****7f855c"
	to: "0x1ff1****ea03af"
	tokenName: "USDT"
	tokenSymbol: "USDT"
	txHash: "0xfadbb1****65f2a5e3"
	Expenses:FIXME 423.19650000 USDT
	Assets:Crypto:Software:Ethereum:0x1429****7f855c -423.19650000 USDT

2025-11-06 * "0x5d03****b63416" "0xd1e0****0858e6 Send"
	blockNo: "23735078"
	contractAddress: "0x0b77****3a6e1b"
	direction: "send"
	from: "0x1429****7f855c"
	to: "0x5d03****b63416"
	tokenName: "0xd1e0****0858e6"
	tokenSymbol: "0xd1e0****0858e6"
	txHash: "0xc55dfa****5ec01b28"
	Expenses:FIXME 190.95000000 0xd1e0****0858e6
	Assets:Crypto:Software:Ethereum:0x1429****7f855c -190.95000000 0xd1e0****0858e6

2025-11-06 * "0x8e2e****047231" "0xd1e0****0858e6 Send"
	blockNo: "23735079"
	contractAddress: "0x0b77****3a6e1b"
	direction: "send"
	from: "0x1429****7f855c"
	to: "0x8e2e****047231"
	tokenName: "0xd1e0****0858e6"
	tokenSymbol: "0xd1e0****0858e6"
	txHash: "0xa74a96****969a5d28"
	Expenses:FIXME 423.19650000 0xd1e0****0858e6
	Assets:Crypto:Software:Ethereum:0x1429****7f855c -423.19650000 0xd1e0****0858e6

2025-11-06 * "0x97ac****faa408" "USDT Send" #Stablecoin #USDT
	blockNo: "23735081"
	contractAddress: "0xff7b****1b9f44"
	direction: "send"
	from: "0x1429****7f855c"
	to: "0x97ac****faa408"
	tokenName: "USDT"
	tokenSymbol: "USDT"
	txHash: "0x65136b****ac1154fa"
	Expenses:FIXME 475.00000000 USDT
	Assets:Crypto:Software:Ethereum:0x1429****7f855c -475.00000000 USDT

2025-11-06 * "0x7a02****e0263a" "0xd1e0****0858e6 Send"
	blockNo: "23735086"
	contractAddress: "0x0b77****3a6e1b"
	direction: "send"
	from: "0x1429****7f855c"
	to: "0x7a02****e0263a"
	tokenName: "0xd1e0****0858e6"
	tokenSymbol: "0xd1e0****0858e6"
	txHash: "0x87bb58****d0c4431f"
	Expenses:FIXME 475.00000000 0xd1e0****0858e6
	Assets:Crypto:Software:Ethereum:0x1429****7f855c -475.00000000 0xd1e0****0858e6

2025-11-06 * "0xf4ef****11d573" "0x88d8****28e466 Send"
	blockNo: "23735114"
	contractAddress: "0x1b8a****a77688"
	direction: "send"
	from: "0x1429****7f855c"
	to: "0xf4ef****11d573"
	tokenName: "0x88d8****28e466"
	tokenSymbol: "0x88d8****28e466"
	txHash: "0x6257b8****9ee3cf41"
	Expenses:FIXME 493.52500000 0x88d8****28e466
	Assets:Crypto:Software:Ethereum:0x1429****7f855c -493.52500000 0x88d8****28e466

2025-11-06 * "0x05c7****85aaf4" "USDT Send" #Stablecoin #USDT
	blockNo: "23735127"
	contractAddress: "0xff7b****1b9f44"
	direction: "send"
	from: "0x1429****7f855c"
	to: "0x05c7****85aaf4"
	tokenName: "USDT"
	tokenSymbol: "USDT"
	txHash: "0xa0afb5****aa9ba52f"
	Expenses:FIXME 1567.50000000 USDT
	Assets:Crypto:Software:Ethereum:0x1429****7f855c -1567.50000000 USDT

2025-11-06 * "0x0a63****8bf58d" "USDT Send" #Stablecoin #USDT
	blockNo: "23735128"
	contractAddress: "0xff7b****1b9f44"
	direction: "send"
	from: "0x1429****7f855c"
	to: "0x0a63****8bf58d"
	tokenName: "USDT"
	tokenSymbol: "USDT"
	txHash: "0xef5076****d3707ccc"
	Expenses:FIXME 1270.15000000 USDT
	Assets:Crypto:Software:Ethereum:0x1429****7f855c -1270.15000000 USDT

2025-11-06 * "0x97ac****faa408" "USDT Send" #Stablecoin #USDT
	blockNo: "23735130"
	contractAddress: "0xff7b****1b9f44"
	direction: "send"
	from: "0x1429****7f855c"
	to: "0x97ac****faa408"
	tokenName: "USDT"
	tokenSymbol: "USDT"
	txHash: "0x984091****580bbfda"
	Expenses:FIXME 1322.97000000 USDT
	Assets:Crypto:Software:Ethereum:0x1429****7f855c -1322.97000000 USDT

2025-11-06 * "0xe118****04fb0d" "USDT Send" #Stablecoin #USDT
	blockNo: "23735131"
	contractAddress: "0xff7b****1b9f44"
	direction: "send"
	from: "0x1429****7f855c"
	to: "0xe118****04fb0d"
	tokenName: "USDT"
	tokenSymbol: "USDT"
	txHash: "0x10a0b8****3a27e8f4"
	Expenses:FIXME 2755.00000000 USDT
	Assets:Crypto:Software:Ethereum:0x1429****7f855c -2755.00000000 USDT

2025-11-06 * "0x5d03****b63416" "0x88d8****28e466 Send"
	blockNo: "23735134"
	contractAddress: "0x1b8a****a77688"
	direction: "send"
	from: "0x1429****7f855c"
	to: "0x5d03****b63416"
	tokenName: "0x88d8****28e466"
	tokenSymbol: "0x88d8****28e466"
	txHash: "0x4b196d****46887cfe"
	Expenses:FIXME 2755.00000000 0x88d8****28e466
	Assets:Crypto:Software:Ethereum:0x1429****7f855c -2755.00000000 0x88d8****28e466

2025-11-06 * "0x69a6****811490" "USDT Send" #Stablecoin #USDT
	blockNo: "23735134"
	contractAddress: "0xff7b****1b9f44"
	direction: "send"
	from: "0x1429****7f855c"
	to: "0x69a6****811490"
	tokenName: "USDT"
	tokenSymbol: "USDT"
	txHash: "0x019718****bcf6a4ea"
	Expenses:FIXME 2280.00000000 USDT
	Assets:Crypto:Software:Ethereum:0x1429****7f855c -2280.00000000 USDT

2025-11-06 * "0x7a02****e0263a" "0x88d8****28e466 Send"
	blockNo: "23735134"
	contractAddress: "0x1b8a****a77688"
	direction: "send"
	from: "0x1429****7f855c"
	to: "0x7a02****e0263a"
	tokenName: "0x88d8****28e466"
	tokenSymbol: "0x88d8****28e466"
	txHash: "0x4b196d****46887cfe"
	Expenses:FIXME 1322.97000000 0x88d8****28e466
	Assets:Crypto:Software:Ethereum:0x1429****7f855c -1322.97000000 0x88d8****28e466

2025-11-06 * "0x5a8a****734d16" "0x88d8****28e466 Send"
	blockNo: "23735134"
	contractAddress: "0x1b8a****a77688"
	direction: "send"
	from: "0x1429****7f855c"
	to: "0x5a8a****734d16"
	tokenName: "0x88d8****28e466"
	tokenSymbol: "0x88d8****28e466"
	txHash: "0x4b196d****46887cfe"
	Expenses:FIXME 1270.15000000 0x88d8****28e466
	Assets:Crypto:Software:Ethereum:0x1429****7f855c -1270.15000000 0x88d8****28e466

2025-11-06 * "0xe8ee****3c83a6" "USDT Send" #Stablecoin #USDT
	blockNo: "23735136"
	contractAddress: "0xff7b****1b9f44"
	direction: "send"
	from: "0x1429****7f855c"
	to: "0xe8ee****3c83a6"
	tokenName: "USDT"
	tokenSymbol: "USDT"
	txHash: "0xe5f8c3****5a4583a7"
	Expenses:FIXME 95.00000000 USDT
	Assets:Crypto:Software:Ethereum:0x1429****7f855c -95.00000000 USDT

2025-11-06 * "0x48b4****de877b" "0x88d8****28e466 Send"
	blockNo: "23735138"
	contractAddress: "0x1b8a****a77688"
	direction: "send"
	from: "0x1429****7f855c"
	to: "0x48b4****de877b"
	tokenName: "0x88d8****28e466"
	tokenSymbol: "0x88d8****28e466"
	txHash: "0xcfe119****9a4de636"
	Expenses:FIXME 2280.00000000 0x88d8****28e466
	Assets:Crypto:Software:Ethereum:0x1429****7f855c -2280.00000000 0x88d8****28e466

2025-11-06 * "0xface****d527b4" "USDC Send" #Stablecoin #USDC
	blockNo: "23735139"
	contractAddress: "0xcaf2****16e452"
	direction: "send"
	from: "0x1429****7f855c"
	to: "0xface****d527b4"
	tokenName: "USDC"
	tokenSymbol: "USDC"
	txHash: "0x62066d****12b6ede0"
	Expenses:FIXME 1330.00000000 USDC
	Assets:Crypto:Ethereum:USDC -1330.00000000 USDC

2025-11-06 * "0xa707****44c699" "0x88d8****28e466 Send"
	blockNo: "23735144"
	contractAddress: "0x1b8a****a77688"
	direction: "send"
	from: "0x1429****7f855c"
	to: "0xa707****44c699"
	tokenName: "0x88d8****28e466"
	tokenSymbol: "0x88d8****28e466"
	txHash: "0xa26557****7caa6c40"
	Expenses:FIXME 95.00000000 0x88d8****28e466
	Assets:Crypto:Software:Ethereum:0x1429****7f855c -95.00000000 0x88d8****28e466

2025-11-06 * "0x5d39****17cb11" "0x2335****72036b Send"
	blockNo: "23735147"
	contractAddress: "0xbc1a****8fd951"
	direction: "send"
	from: "0x1429****7f855c"
	to: "0x5d39****17cb11"
	tokenName: "0x2335****72036b"
	tokenSymbol: "0x2335****72036b"
	txHash: "0x25954b****e8b70ff1"
	Expenses:FIXME 1330.00000000 0x2335****72036b
	Assets:Crypto:Software:Ethereum:0x1429****7f855c -1330.00000000 0x2335****72036b

2025-11-06 * "0x3da7****f2b689" "0x88d8****28e466 Send"
	blockNo: "23735192"
	contractAddress: "0x1b8a****a77688"
	direction: "send"
	from: "0x1429****7f855c"
	to: "0x3da7****f2b689"
	tokenName: "0x88d8****28e466"
	tokenSymbol: "0x88d8****28e466"
	txHash: "0x1e1927****f052f2c3"
	Expenses:FIXME 1567.50000000 0x88d8****28e466
	Assets:Crypto:Software:Ethereum:0x1429****7f855c -1567.50000000 0x88d8****28e466

2025-11-06 * "0x91de****8546d9" "USDT Send" #Stablecoin #USDT
	blockNo: "23735229"
	contractAddress: "0xff7b****1b9f44"
	direction: "send"
	from: "0x1429****7f855c"
	to: "0x91de****8546d9"
	tokenName: "USDT"
	tokenSymbol: "USDT"
	txHash: "0x75071a****2849e362"
	Expenses:FIXME 303.05000000 USDT
	Assets:Crypto:Software:Ethereum:0x1429****7f855c -303.05000000 USDT

2025-11-06 * "0x4ecf****9d9adc" "USDT Send" #Stablecoin #USDT
	blockNo: "23735231"
	contractAddress: "0xff7b****1b9f44"
	direction: "send"
	from: "0x1429****7f855c"
	to: "0x4ecf****9d9adc"
	tokenName: "USDT"
	tokenSymbol: "USDT"
	txHash: "0xee9efe****9a3781d4"
	Expenses:FIXME 1520.00000000 USDT
	Assets:Crypto:Software:Ethereum:0x1429****7f855c -1520.00000000 USDT

2025-11-06 * "0x5808****b7bf0a" "USDT Send" #Stablecoin #USDT
	blockNo: "23735233"
	contractAddress: "0xff7b****1b9f44"
	direction: "send"
	from: "0x1429****7f855c"
	to: "0x5808****b7bf0a"
	tokenName: "USDT"
	tokenSymbol: "USDT"
	txHash: "0xb202f4****1841cfb7"
	Expenses:FIXME 721.82900000 USDT
	Assets:Crypto:Software:Ethereum:0x1429****7f855c -721.82900000 USDT

2025-11-06 * "0xc751****ff09b3" "0x88d8****28e466 Send"
	blockNo: "23735233"
	contractAddress: "0x1b8a****a77688"
	direction: "send"
	from: "0x1429****7f855c"
	to: "0xc751****ff09b3"
	tokenName: "0x88d8****28e466"
	tokenSymbol: "0x88d8****28e466"
	txHash: "0x20eecd****039c8fb9"
	Expenses:FIXME 303.05000000 0x88d8****28e466
	Assets:Crypto:Software:Ethereum:0x1429****7f855c -303.05000000 0x88d8****28e466

2025-11-06 * "0xf88b****7b982f" "USDT Send" #Stablecoin #USDT
	blockNo: "23735235"
	contractAddress: "0xff7b****1b9f44"
	direction: "send"
	from: "0x1429****7f855c"
	to: "0xf88b****7b982f"
	tokenName: "USDT"
	tokenSymbol: "USDT"
	txHash: "0x34b497****eea340f0"
	Expenses:FIXME 25.00000000 USDT
	Assets:Crypto:Software:Ethereum:0x1429****7f855c -25.00000000 USDT

2025-11-06 * "0xc46b****8dda8b" "0x88d8****28e466 Send"
	blockNo: "23735236"
	contractAddress: "0x1b8a****a77688"
	direction: "send"
	from: "0x1429****7f855c"
	to: "0xc46b****8dda8b"
	tokenName: "0x88d8****28e466"
	tokenSymbol: "0x88d8****28e466"
	txHash: "0x56c74e****853a61f6"
	Expenses:FIXME 1520.00000000 0x88d8****28e466
	Assets:Crypto:Software:Ethereum:0x1429****7f855c -1520.00000000 0x88d8****28e466

2025-11-06 * "0x69a6****811490" "USDT Send" #Stablecoin #USDT
	blockNo: "23735237"
	contractAddress: "0xff7b****1b9f44"
	direction: "send"
	from: "0x1429****7f855c"
	to: "0x69a6****811490"
	tokenName: "USDT"
	tokenSymbol: "USDT"
	txHash: "0xe85409****fb9819df"
	Expenses:FIXME 372.93200000 USDT
	Assets:Crypto:Software:Ethereum:0x1429****7f855c -372.93200000 USDT

2025-11-06 * "0xf44e****46b4c0" "0x88d8****28e466 Send"
	blockNo: "23735238"
	contractAddress: "0x1b8a****a77688"
	direction: "send"
	from: "0x1429****7f855c"
	to: "0xf44e****46b4c0"
	tokenName: "0x88d8****28e466"
	tokenSymbol: "0x88d8****28e466"
	txHash: "0xa352d5****14181352"
	Expenses:FIXME 25.00000000 0x88d8****28e466
	Assets:Crypto:Software:Ethereum:0x1429****7f855c -25.00000000 0x88d8****28e466

2025-11-06 * "0x30d6****46c5a1" "0x88d8****28e466 Send"
	blockNo: "23735238"
	contractAddress: "0x1b8a****a77688"
	direction: "send"
	from: "0x1429****7f855c"
	to: "0x30d6****46c5a1"
	tokenName: "0x88d8****28e466"
	tokenSymbol: "0x88d8****28e466"
	txHash: "0xa352d5****14181352"
	Expenses:FIXME 721.82900000 0x88d8****28e466
	Assets:Crypto:Software:Ethereum:0x1429****7f855c -721.82900000 0x88d8****28e466

2025-11-06 * "0xe118****04fb0d" "USDT Send" #Stablecoin #USDT
	blockNo: "23735239"
	contractAddress: "0xff7b****1b9f44"
	direction: "send"
	from: "0x1429****7f855c"
	to: "0xe118****04fb0d"
	tokenName: "USDT"
	tokenSymbol: "USDT"
	txHash: "0x62b9fe****f61216cc"
	Expenses:FIXME 297.66350000 USDT
	Assets:Crypto:Software:Ethereum:0x1429****7f855c -297.66350000 USDT

2025-11-06 * "0x48b4****de877b" "0x88d8****28e466 Send"
	blockNo: "23735240"
	contractAddress: "0x1b8a****a77688"
	direction: "send"
	from: "0x1429****7f855c"
	to: "0x48b4****de877b"
	tokenName: "0x88d8****28e466"
	tokenSymbol: "0x88d8****28e466"
	txHash: "0xd96658****301d4474"
	Expenses:FIXME 372.93200000 0x88d8****28e466
	Assets:Crypto:Software:Ethereum:0x1429****7f855c -372.93200000 0x88d8****28e466

2025-11-06 * "0x6dc0****011a31" "USDT Send" #Stablecoin #USDT
	blockNo: "23735241"
	contractAddress: "0xff7b****1b9f44"
	direction: "send"
	from: "0x1429****7f855c"
	to: "0x6dc0****011a31"
	tokenName: "USDT"
	tokenSymbol: "USDT"
	txHash: "0x35988f****d1a1c150"
	Expenses:FIXME 422.90200000 USDT
	Assets:Crypto:Software:Ethereum:0x1429****7f855c -422.90200000 USDT

2025-11-06 * "0x16bb****7abcc1" "USDT Send" #Stablecoin #USDT
	blockNo: "23735243"
	contractAddress: "0xff7b****1b9f44"
	direction: "send"
	from: "0x1429****7f855c"
	to: "0x16bb****7abcc1"
	tokenName: "USDT"
	tokenSymbol: "USDT"
	txHash: "0x62d2aa****f1c3407f"
	Expenses:FIXME 1002.25000000 USDT
	Assets:Crypto:Software:Ethereum:0x1429****7f855c -1002.25000000 USDT

2025-11-06 * "0x5d03****b63416" "0x88d8****28e466 Send"
	blockNo: "23735244"
	contractAddress: "0x1b8a****a77688"
	direction: "send"
	from: "0x1429****7f855c"
	to: "0x5d03****b63416"
	tokenName: "0x88d8****28e466"
	tokenSymbol: "0x88d8****28e466"
	txHash: "0xb33ced****652319b6"
	Expenses:FIXME 297.66350000 0x88d8****28e466
	Assets:Crypto:Software:Ethereum:0x1429****7f855c -297.66350000 0x88d8****28e466

2025-11-06 * "0x494e****ca03cd" "USDT Send" #Stablecoin #USDT
	blockNo: "23735245"
	contractAddress: "0xff7b****1b9f44"
	direction: "send"
	from: "0x1429****7f855c"
	to: "0x494e****ca03cd"
	tokenName: "USDT"
	tokenSymbol: "USDT"
	txHash: "0xc10315****bd6136e4"
	Expenses:FIXME 114.00000000 USDT
	Assets:Crypto:Software:Ethereum:0x1429****7f855c -114.00000000 USDT

2025-11-06 * "0xea27****33dc7e" "0x88d8****28e466 Send"
	blockNo: "23735247"
	contractAddress: "0x1b8a****a77688"
	direction: "send"
	from: "0x1429****7f855c"
	to: "0xea27****33dc7e"
	tokenName: "0x88d8****28e466"
	tokenSymbol: "0x88d8****28e466"
	txHash: "0x4d3a4e****0d735215"
	Expenses:FIXME 1002.25000000 0x88d8****28e466
	Assets:Crypto:Software:Ethereum:0x1429****7f855c -1002.25000000 0x88d8****28e466

2025-11-06 * "0x2a52****f5abc8" "USDT Send" #Stablecoin #USDT
	blockNo: "23735247"
	contractAddress: "0xff7b****1b9f44"
	direction: "send"
	from: "0x1429****7f855c"
	to: "0x2a52****f5abc8"
	tokenName: "USDT"
	tokenSymbol: "USDT"
	txHash: "0xa43ba5****097c86b2"
	Expenses:FIXME 437.00000000 USDT
	Assets:Crypto:Software:Ethereum:0x1429****7f855c -437.00000000 USDT

2025-11-06 * "0xe2b5****5e582f" "USDT Send" #Stablecoin #USDT
	blockNo: "23735248"
	contractAddress: "0xff7b****1b9f44"
	direction: "send"
	from: "0x1429****7f855c"
	to: "0xe2b5****5e582f"
	tokenName: "USDT"
	tokenSymbol: "USDT"
	txHash: "0x55a2c7****321d1a91"
	Expenses:FIXME 95.00000000 USDT
	Assets:Crypto:Software:Ethereum:0x1429****7f855c -95.00000000 USDT

2025-11-06 * "0xadec****9a6ac1" "USDT Send" #Stablecoin #USDT
	blockNo: "23735250"
	contractAddress: "0xff7b****1b9f44"
	direction: "send"
	from: "0x1429****7f855c"
	to: "0xadec****9a6ac1"
	tokenName: "USDT"
	tokenSymbol: "USDT"
	txHash: "0x95e0f0****2130ec19"
	Expenses:FIXME 100.70000000 USDT
	Assets:Crypto:Software:Ethereum:0x1429****7f855c -100.70000000 USDT

2025-11-06 * "0x6374****d10586" "0x88d8****28e466 Send"
	blockNo: "23735250"
	contractAddress: "0x1b8a****a77688"
	direction: "send"
	from: "0x1429****7f855c"
	to: "0x6374****d10586"
	tokenName: "0x88d8****28e466"
	tokenSymbol: "0x88d8****28e466"
	txHash: "0x99b99d****83959d31"
	Expenses:FIXME 114.00000000 0x88d8****28e466
	Assets:Crypto:Software:Ethereum:0x1429****7f855c -114.00000000 0x88d8****28e466

2025-11-06 * "0xb088****cbe344" "0x88d8****28e466 Send"
	blockNo: "23735251"
	contractAddress: "0x1b8a****a77688"
	direction: "send"
	from: "0x1429****7f855c"
	to: "0xb088****cbe344"
	tokenName: "0x88d8****28e466"
	tokenSymbol: "0x88d8****28e466"
	txHash: "0xd23020****e124ef1d"
	Expenses:FIXME 95.00000000 0x88d8****28e466
	Assets:Crypto:Software:Ethereum:0x1429****7f855c -95.00000000 0x88d8****28e466

2025-11-06 * "0x72eb****af350c" "0x88d8****28e466 Send"
	blockNo: "23735253"
	contractAddress: "0x1b8a****a77688"
	direction: "send"
	from: "0x1429****7f855c"
	to: "0x72eb****af350c"
	tokenName: "0x88d8****28e466"
	tokenSymbol: "0x88d8****28e466"
	txHash: "0x812b88****c3dd883f"
	Expenses:FIXME 437.00000000 0x88d8****28e466
	Assets:Crypto:Software:Ethereum:0x1429****7f855c -437.00000000 0x88d8****28e466

2025-11-06 * "0x2975****db508b" "0x88d8****28e466 Send"
	blockNo: "23735253"
	contractAddress: "0x1b8a****a77688"
	direction: "send"
	from: "0x1429****7f855c"
	to: "0x2975****db508b"
	tokenName: "0x88d8****28e466"
	tokenSymbol: "0x88d8****28e466"
	txHash: "0x812b88****c3dd883f"
	Expenses:FIXME 100.70000000 0x88d8****28e466
	Assets:Crypto:Software:Ethereum:0x1429****7f855c -100.70000000 0x88d8****28e466

2025-11-06 * "0x9123****3d2d71" "0x88d8****28e466 Send"
	blockNo: "23735256"
	contractAddress: "0x1b8a****a77688"
	direction: "send"
	from: "0x1429****7f855c"
	to: "0x9123****3d2d71"
	tokenName: "0x88d8****28e466"
	tokenSymbol: "0x88d8****28e466"
	txHash: "0xfd1b99****55b0886b"
	Expenses:FIXME 422.90200000 0x88d8****28e466
	Assets:Crypto:Software:Ethereum:0x1429****7f855c -422.90200000 0x88d8****28e466

2025-11-06 * "0x5aad****3dc779" "USDC Send" #Stablecoin #USDC
	blockNo: "23735256"
	contractAddress: "0xcaf2****16e452"
	direction: "send"
	from: "0x1429****7f855c"
	to: "0x5aad****3dc779"
	tokenName: "USDC"
	tokenSymbol: "USDC"
	txHash: "0x288a37****6c0ab803"
	Expenses:FIXME 190.00000000 USDC
	Assets:Crypto:Ethereum:USDC -190.00000000 USDC

2025-11-06 * "0xec6f****f37e53" "0x2335****72036b Send"
	blockNo: "23735303"
	contractAddress: "0xbc1a****8fd951"
	direction: "send"
	from: "0x1429****7f855c"
	to: "0xec6f****f37e53"
	tokenName: "0x2335****72036b"
	tokenSymbol: "0x2335****72036b"
	txHash: "0x12203d****87b10fbe"
	Expenses:FIXME 190.00000000 0x2335****72036b
	Assets:Crypto:Software:Ethereum:0x1429****7f855c -190.00000000 0x2335****72036b

2025-11-06 * "0xdc0a****215065" "USDT Send" #Stablecoin #USDT
	blockNo: "23735355"
	contractAddress: "0xff7b****1b9f44"
	direction: "send"
	from: "0x1429****7f855c"
	to: "0xdc0a****215065"
	tokenName: "USDT"
	tokenSymbol: "USDT"
	txHash: "0x843087****7e31f85a"
	Expenses:FIXME 237.50000000 USDT
	Assets:Crypto:Software:Ethereum:0x1429****7f855c -237.50000000 USDT

2025-11-06 * "0xe2b5****5e582f" "USDT Send" #Stablecoin #USDT
	blockNo: "23735357"
	contractAddress: "0xff7b****1b9f44"
	direction: "send"
	from: "0x1429****7f855c"
	to: "0xe2b5****5e582f"
	tokenName: "USDT"
	tokenSymbol: "USDT"
	txHash: "0x2b82df****79cad339"
	Expenses:FIXME 95.00000000 USDT
	Assets:Crypto:Software:Ethereum:0x1429****7f855c -95.00000000 USDT

2025-11-06 * "0xb362****1ee563" "USDT Send" #Stablecoin #USDT
	blockNo: "23735358"
	contractAddress: "0xff7b****1b9f44"
	direction: "send"
	from: "0x1429****7f855c"
	to: "0xb362****1ee563"
	tokenName: "USDT"
	tokenSymbol: "USDT"
	txHash: "0xc38487****50c8e46b"
	Expenses:FIXME 190.00000000 USDT
	Assets:Crypto:Software:Ethereum:0x1429****7f855c -190.00000000 USDT

2025-11-06 * "0x6f7c****2d0882" "0x88d8****28e466 Send"
	blockNo: "23735358"
	contractAddress: "0x1b8a****a77688"
	direction: "send"
	from: "0x1429****7f855c"
	to: "0x6f7c****2d0882"
	tokenName: "0x88d8****28e466"
	tokenSymbol: "0x88d8****28e466"
	txHash: "0xb6de58****a2aca1c7"
	Expenses:FIXME 237.50000000 0x88d8****28e466
	Assets:Crypto:Software:Ethereum:0x1429****7f855c -237.50000000 0x88d8****28e466

2025-11-06 * "0xb088****cbe344" "0x88d8****28e466 Send"
	blockNo: "23735360"
	contractAddress: "0x1b8a****a77688"
	direction: "send"
	from: "0x1429****7f855c"
	to: "0xb088****cbe344"
	tokenName: "0x88d8****28e466"
	tokenSymbol: "0x88d8****28e466"
	txHash: "0x56a95e****d4f034dd"
	Expenses:FIXME 95.00000000 0x88d8****28e466
	Assets:Crypto:Software:Ethereum:0x1429****7f855c -95.00000000 0x88d8****28e466

2025-11-06 * "0x9592****600b5a" "USDT Send" #Stablecoin #USDT
	blockNo: "23735360"
	contractAddress: "0xff7b****1b9f44"
	direction: "send"
	from: "0x1429****7f855c"
	to: "0x9592****600b5a"
	tokenName: "USDT"
	tokenSymbol: "USDT"
	txHash: "0x776486****d78fb657"
	Expenses:FIXME 228.95000000 USDT
	Assets:Crypto:Software:Ethereum:0x1429****7f855c -228.95000000 USDT

2025-11-06 * "0x4536****741c1a" "0x88d8****28e466 Send"
	blockNo: "23735361"
	contractAddress: "0x1b8a****a77688"
	direction: "send"
	from: "0x1429****7f855c"
	to: "0x4536****741c1a"
	tokenName: "0x88d8****28e466"
	tokenSymbol: "0x88d8****28e466"
	txHash: "0xe88ac9****f16c834b"
	Expenses:FIXME 190.00000000 0x88d8****28e466
	Assets:Crypto:Software:Ethereum:0x1429****7f855c -190.00000000 0x88d8****28e466

2025-11-06 * "0x3689****b69f56" "USDT Send" #Stablecoin #USDT
	blockNo: "23735362"
	contractAddress: "0xff7b****1b9f44"
	direction: "send"
	from: "0x1429****7f855c"
	to: "0x3689****b69f56"
	tokenName: "USDT"
	tokenSymbol: "USDT"
	txHash: "0x07aa79****fb4d5b1b"
	Expenses:FIXME 292.38150000 USDT
	Assets:Crypto:Software:Ethereum:0x1429****7f855c -292.38150000 USDT

2025-11-06 * "0x27c4****b5ebd5" "0x88d8****28e466 Send"
	blockNo: "23735363"
	contractAddress: "0x1b8a****a77688"
	direction: "send"
	from: "0x1429****7f855c"
	to: "0x27c4****b5ebd5"
	tokenName: "0x88d8****28e466"
	tokenSymbol: "0x88d8****28e466"
	txHash: "0x0923dc****561a259d"
	Expenses:FIXME 228.95000000 0x88d8****28e466
	Assets:Crypto:Software:Ethereum:0x1429****7f855c -228.95000000 0x88d8****28e466

2025-11-06 * "0x4ecf****9d9adc" "USDT Send" #Stablecoin #USDT
	blockNo: "23735364"
	contractAddress: "0xff7b****1b9f44"
	direction: "send"
	from: "0x1429****7f855c"
	to: "0x4ecf****9d9adc"
	tokenName: "USDT"
	tokenSymbol: "USDT"
	txHash: "0x019a2c****35751a04"
	Expenses:FIXME 347.00650000 USDT
	Assets:Crypto:Software:Ethereum:0x1429****7f855c -347.00650000 USDT

2025-11-06 * "0xca40****20fdef" "USDT Send" #Stablecoin #USDT
	blockNo: "23735365"
	contractAddress: "0xff7b****1b9f44"
	direction: "send"
	from: "0x1429****7f855c"
	to: "0xca40****20fdef"
	tokenName: "USDT"
	tokenSymbol: "USDT"
	txHash: "0x74cc45****2787cd7a"
	Expenses:FIXME 1691.00000000 USDT
	Assets:Crypto:Software:Ethereum:0x1429****7f855c -1691.00000000 USDT

2025-11-06 * "0xeea6****608e5c" "0x88d8****28e466 Send"
	blockNo: "23735365"
	contractAddress: "0x1b8a****a77688"
	direction: "send"
	from: "0x1429****7f855c"
	to: "0xeea6****608e5c"
	tokenName: "0x88d8****28e466"
	tokenSymbol: "0x88d8****28e466"
	txHash: "0x502248****0376f02b"
	Expenses:FIXME 292.38150000 0x88d8****28e466
	Assets:Crypto:Software:Ethereum:0x1429****7f855c -292.38150000 0x88d8****28e466

2025-11-06 * "0xc46b****8dda8b" "0x88d8****28e466 Send"
	blockNo: "23735367"
	contractAddress: "0x1b8a****a77688"
	direction: "send"
	from: "0x1429****7f855c"
	to: "0xc46b****8dda8b"
	tokenName: "0x88d8****28e466"
	tokenSymbol: "0x88d8****28e466"
	txHash: "0x631c17****b73f9c09"
	Expenses:FIXME 347.00650000 0x88d8****28e466
	Assets:Crypto:Software:Ethereum:0x1429****7f855c -347.00650000 0x88d8****28e466

2025-11-06 * "0x97ac****faa408" "USDT Send" #Stablecoin #USDT
	blockNo: "23735367"
	contractAddress: "0xff7b****1b9f44"
	direction: "send"
	from: "0x1429****7f855c"
	to: "0x97ac****faa408"
	tokenName: "USDT"
	tokenSymbol: "USDT"
	txHash: "0xfdd336****bc125be7"
	Expenses:FIXME 25.68000000 USDT
	Assets:Crypto:Software:Ethereum:0x1429****7f855c -25.68000000 USDT

2025-11-06 * "0x44db****2187e5" "USDT Send" #Stablecoin #USDT
	blockNo: "23735369"
	contractAddress: "0xff7b****1b9f44"
	direction: "send"
	from: "0x1429****7f855c"
	to: "0x44db****2187e5"
	tokenName: "USDT"
	tokenSymbol: "USDT"
	txHash: "0x644f17****3dd25085"
	Expenses:FIXME 1129.74809100 USDT
	Assets:Crypto:Software:Ethereum:0x1429****7f855c -1129.74809100 USDT

2025-11-06 * "0x7a02****e0263a" "0x88d8****28e466 Send"
	blockNo: "23735370"
	contractAddress: "0x1b8a****a77688"
	direction: "send"
	from: "0x1429****7f855c"
	to: "0x7a02****e0263a"
	tokenName: "0x88d8****28e466"
	tokenSymbol: "0x88d8****28e466"
	txHash: "0x30fe95****d62f2208"
	Expenses:FIXME 25.68000000 0x88d8****28e466
	Assets:Crypto:Software:Ethereum:0x1429****7f855c -25.68000000 0x88d8****28e466

2025-11-06 * "0x831e****565ec1" "USDT Send" #Stablecoin #USDT
	blockNo: "23735371"
	contractAddress: "0xff7b****1b9f44"
	direction: "send"
	from: "0x1429****7f855c"
	to: "0x831e****565ec1"
	tokenName: "USDT"
	tokenSymbol: "USDT"
	txHash: "0x4d9004****0942f1d9"
	Expenses:FIXME 65.00000000 USDT
	Assets:Crypto:Software:Ethereum:0x1429****7f855c -65.00000000 USDT

2025-11-06 * "0xee9b****eb0e64" "USDT Send" #Stablecoin #USDT
	blockNo: "23735372"
	contractAddress: "0xff7b****1b9f44"
	direction: "send"
	from: "0x1429****7f855c"
	to: "0xee9b****eb0e64"
	tokenName: "USDT"
	tokenSymbol: "USDT"
	txHash: "0xd58adc****d46e46f5"
	Expenses:FIXME 2212.70200000 USDT
	Assets:Crypto:Software:Ethereum:0x1429****7f855c -2212.70200000 USDT

2025-11-06 * "0x4d14****c846ee" "0x88d8****28e466 Send"
	blockNo: "23735372"
	contractAddress: "0x1b8a****a77688"
	direction: "send"
	from: "0x1429****7f855c"
	to: "0x4d14****c846ee"
	tokenName: "0x88d8****28e466"
	tokenSymbol: "0x88d8****28e466"
	txHash: "0x2eb198****f2af1070"
	Expenses:FIXME 1691.00000000 0x88d8****28e466
	Assets:Crypto:Software:Ethereum:0x1429****7f855c -1691.00000000 0x88d8****28e466

2025-11-06 * "0xba8b****04a9f8" "0x88d8****28e466 Send"
	blockNo: "23735375"
	contractAddress: "0x1b8a****a77688"
	direction: "send"
	from: "0x1429****7f855c"
	to: "0xba8b****04a9f8"
	tokenName: "0x88d8****28e466"
	tokenSymbol: "0x88d8****28e466"
	txHash: "0xcd3284****8f37148b"
	Expenses:FIXME 2212.70200000 0x88d8****28e466
	Assets:Crypto:Software:Ethereum:0x1429****7f855c -2212.70200000 0x88d8****28e466

2025-11-06 * "0xfabf****7bf7bd" "USDT Receive" #Stablecoin #USDT
	blockNo: "23735380"
	contractAddress: "0xff7b****1b9f44"
	direction: "recv"
	from: "0xfabf****7bf7bd"
	to: "0x1429****7f855c"
	tokenName: "USDT"
	tokenSymbol: "USDT"
	txHash: "0x6ae104****f3a62f5a"
	Assets:Crypto:Software:Ethereum:0x1429****7f855c 0.02212700 USDT
	Income:Crypto:Transfer -0.02212700 USDT

2025-11-06 * "0x6a7d****f7d4fb" "0x88d8****28e466 Send"
	blockNo: "23735380"
	contractAddress: "0x1b8a****a77688"
	direction: "send"
	from: "0x1429****7f855c"
	to: "0x6a7d****f7d4fb"
	tokenName: "0x88d8****28e466"
	tokenSymbol: "0x88d8****28e466"
	txHash: "0xbbc5c6****c7627763"
	Expenses:FIXME 65.00000000 0x88d8****28e466
	Assets:Crypto:Software:Ethereum:0x1429****7f855c -65.00000000 0x88d8****28e466

2025-11-06 * "0x1002****17bf5e" "0x88d8****28e466 Send"
	blockNo: "23735384"
	contractAddress: "0x1b8a****a77688"
	direction: "send"
	from: "0x1429****7f855c"
	to: "0x1002****17bf5e"
	tokenName: "0x88d8****28e466"
	tokenSymbol: "0x88d8****28e466"
	txHash: "0x0e011f****89c73f57"
	Expenses:FIXME 1129.74809100 0x88d8****28e466
	Assets:Crypto:Software:Ethereum:0x1429****7f855c -1129.74809100 0x88d8****28e466

2025-11-06 * "0x07f3****b35fed" "USDT Receive" #Stablecoin #USDT
	blockNo: "23735397"
	contractAddress: "0xff7b****1b9f44"
	direction: "recv"
	from: "0x07f3****b35fed"
	to: "0x1429****7f855c"
	tokenName: "USDT"
	tokenSymbol: "USDT"
	txHash: "0x2315b1****b91e2def"
	Assets:Crypto:Software:Ethereum:0x1429****7f855c 12000.00000000 USDT
	Income:Crypto:Transfer -12000.00000000 USDT

2025-11-06 * "0x9c0e****46b0ca" "USDC Send" #Stablecoin #USDC
	blockNo: "23735426"
	contractAddress: "0xcaf2****16e452"
	direction: "send"
	from: "0x1429****7f855c"
	to: "0x9c0e****46b0ca"
	tokenName: "USDC"
	tokenSymbol: "USDC"
	txHash: "0x935101****9123f5ee"
	Expenses:FIXME 4572.80728100 USDC
	Assets:Crypto:Ethereum:USDC -4572.80728100 USDC

2025-11-06 * "0xc000****6159ec" "USDT Send" #Stablecoin #USDT
	blockNo: "23735427"
	contractAddress: "0xff7b****1b9f44"
	direction: "send"
	from: "0x1429****7f855c"
	to: "0xc000****6159ec"
	tokenName: "USDT"
	tokenSymbol: "USDT"
	txHash: "0xff1db8****6700ba4a"
	Expenses:FIXME 950.00000000 USDT
	Assets:Crypto:Software:Ethereum:0x1429****7f855c -950.00000000 USDT

2025-11-06 * "0xf523****a2904d" "USDC Receive" #Stablecoin #USDC
	blockNo: "23735429"
	contractAddress: "0xcaf2****16e452"
	direction: "recv"
	from: "0xf523****a2904d"
	to: "0x1429****7f855c"
	tokenName: "USDC"
	tokenSymbol: "USDC"
	txHash: "0x109929****2c656032"
	Assets:Crypto:Ethereum:USDC 0.04572800 USDC
	Income:Crypto:Transfer -0.04572800 USDC

2025-11-06 * "0xc11c****08b53c" "USDT Send" #Stablecoin #USDT
	blockNo: "23735429"
	contractAddress: "0xff7b****1b9f44"
	direction: "send"
	from: "0x1429****7f855c"
	to: "0xc11c****08b53c"
	tokenName: "USDT"
	tokenSymbol: "USDT"
	txHash: "0xc7df80****bcfe83c3"
	Expenses:FIXME 355.30000000 USDT
	Assets:Crypto:Software:Ethereum:0x1429****7f855c -355.30000000 USDT

2025-11-06 * "0x3f3a****51b196" "0x3d58****70aa77 Send"
	blockNo: "23735430"
	contractAddress: "0x66b9****02e846"
	direction: "send"
	from: "0x1429****7f855c"
	to: "0x3f3a****51b196"
	tokenName: "0x3d58****70aa77"
	tokenSymbol: "0x3d58****70aa77"
	txHash: "0xa58d3b****fd40f123"
	Expenses:FIXME 950.00000000 0x3d58****70aa77
	Assets:Crypto:Software:Ethereum:0x1429****7f855c -950.00000000 0x3d58****70aa77

2025-11-06 * "0xfce4****4117e8" "USDT Send" #Stablecoin #USDT
	blockNo: "23735432"
	contractAddress: "0xff7b****1b9f44"
	direction: "send"
	from: "0x1429****7f855c"
	to: "0xfce4****4117e8"
	tokenName: "USDT"
	tokenSymbol: "USDT"
	txHash: "0xe1846f****c27e01e0"
	Expenses:FIXME 196.65000000 USDT
	Assets:Crypto:Software:Ethereum:0x1429****7f855c -196.65000000 USDT

2025-11-06 * "0x7e9c****c621be" "USDT Send" #Stablecoin #USDT
	blockNo: "23735434"
	contractAddress: "0xff7b****1b9f44"
	direction: "send"
	from: "0x1429****7f855c"
	to: "0x7e9c****c621be"
	tokenName: "USDT"
	tokenSymbol: "USDT"
	txHash: "0x44167d****6491da90"
	Expenses:FIXME 1163.75000000 USDT
	Assets:Crypto:Software:Ethereum:0x1429****7f855c -1163.75000000 USDT

2025-11-06 * "0xea40****5516d5" "USDT Send" #Stablecoin #USDT
	blockNo: "23735436"
	contractAddress: "0xff7b****1b9f44"
	direction: "send"
	from: "0x1429****7f855c"
	to: "0xea40****5516d5"
	tokenName: "USDT"
	tokenSymbol: "USDT"
	txHash: "0x36ab70****f4c15ded"
	Expenses:FIXME 1452.55000000 USDT
	Assets:Crypto:Software:Ethereum:0x1429****7f855c -1452.55000000 USDT

2025-11-06 * "0x4e3b****949dd4" "USDT Receive" #Stablecoin #USDT
	blockNo: "23735436"
	contractAddress: "0xff7b****1b9f44"
	direction: "recv"
	from: "0x4e3b****949dd4"
	to: "0x1429****7f855c"
	tokenName: "USDT"
	tokenSymbol: "USDT"
	txHash: "0x251e8b****04f4290a"
	Assets:Crypto:Software:Ethereum:0x1429****7f855c 0.03553000 USDT
	Income:Crypto:Transfer -0.03553000 USDT

2025-11-06 * "0xb073****f07693" "0x3d58****70aa77 Send"
	blockNo: "23735436"
	contractAddress: "0x66b9****02e846"
	direction: "send"
	from: "0x1429****7f855c"
	to: "0xb073****f07693"
	tokenName: "0x3d58****70aa77"
	tokenSymbol: "0x3d58****70aa77"
	txHash: "0xaa04b1****1c80598e"
	Expenses:FIXME 196.65000000 0x3d58****70aa77
	Assets:Crypto:Software:Ethereum:0x1429****7f855c -196.65000000 0x3d58****70aa77

2025-11-06 * "0x9fa8****7415d3" "USDT Send" #Stablecoin #USDT
	blockNo: "23735437"
	contractAddress: "0xff7b****1b9f44"
	direction: "send"
	from: "0x1429****7f855c"
	to: "0x9fa8****7415d3"
	tokenName: "USDT"
	tokenSymbol: "USDT"
	txHash: "0xff7140****70825034"
	Expenses:FIXME 3149.25000000 USDT
	Assets:Crypto:Software:Ethereum:0x1429****7f855c -3149.25000000 USDT

2025-11-06 * "0x0aaf****795f07" "0x3d58****70aa77 Send"
	blockNo: "23735439"
	contractAddress: "0x66b9****02e846"
	direction: "send"
	from: "0x1429****7f855c"
	to: "0x0aaf****795f07"
	tokenName: "0x3d58****70aa77"
	tokenSymbol: "0x3d58****70aa77"
	txHash: "0x55794e****5397fd04"
	Expenses:FIXME 1163.75000000 0x3d58****70aa77
	Assets:Crypto:Software:Ethereum:0x1429****7f855c -1163.75000000 0x3d58****70aa77

2025-11-06 * "0x6408****9d1a7b" "USDT Send" #Stablecoin #USDT
	blockNo: "23735439"
	contractAddress: "0xff7b****1b9f44"
	direction: "send"
	from: "0x1429****7f855c"
	to: "0x6408****9d1a7b"
	tokenName: "USDT"
	tokenSymbol: "USDT"
	txHash: "0xe168c0****7e75b17b"
	Expenses:FIXME 1805.00000000 USDT
	Assets:Crypto:Software:Ethereum:0x1429****7f855c -1805.00000000 USDT

2025-11-06 * "0xb854****bfd906" "0x3d58****70aa77 Send"
	blockNo: "23735440"
	contractAddress: "0x66b9****02e846"
	direction: "send"
	from: "0x1429****7f855c"
	to: "0xb854****bfd906"
	tokenName: "0x3d58****70aa77"
	tokenSymbol: "0x3d58****70aa77"
	txHash: "0x2394cb****de72657e"
	Expenses:FIXME 1452.55000000 0x3d58****70aa77
	Assets:Crypto:Software:Ethereum:0x1429****7f855c -1452.55000000 0x3d58****70aa77

2025-11-06 * "0x3f15****b3d80c" "USDT Send" #Stablecoin #USDT
	blockNo: "23735441"
	contractAddress: "0xff7b****1b9f44"
	direction: "send"
	from: "0x1429****7f855c"
	to: "0x3f15****b3d80c"
	tokenName: "USDT"
	tokenSymbol: "USDT"
	txHash: "0x1573b9****4a42e63f"
	Expenses:FIXME 456.00000000 USDT
	Assets:Crypto:Software:Ethereum:0x1429****7f855c -456.00000000 USDT

2025-11-06 * "0x22a6****cbc4f8" "0x3d58****70aa77 Send"
	blockNo: "23735442"
	contractAddress: "0x66b9****02e846"
	direction: "send"
	from: "0x1429****7f855c"
	to: "0x22a6****cbc4f8"
	tokenName: "0x3d58****70aa77"
	tokenSymbol: "0x3d58****70aa77"
	txHash: "0xc24a4f****e00b3738"
	Expenses:FIXME 355.30000000 0x3d58****70aa77
	Assets:Crypto:Software:Ethereum:0x1429****7f855c -355.30000000 0x3d58****70aa77

2025-11-06 * "0x178e****abc155" "USDT Send" #Stablecoin #USDT #SmallAirdrop
	blockNo: "23735443"
	contractAddress: "0xff7b****1b9f44"
	direction: "send"
	from: "0x1429****7f855c"
	to: "0x178e****abc155"
	tokenName: "USDT"
	tokenSymbol: "USDT"
	txHash: "0xa2df06****a9fcde0e"
	Income:Crypto:Airdrop 10.00000000 USDT
	Assets:Crypto:Software:Ethereum:0x1429****7f855c -10.00000000 USDT

2025-11-06 * "0xa1e8****5d0937" "USDT Send" #Stablecoin #USDT
	blockNo: "23735444"
	contractAddress: "0xff7b****1b9f44"
	direction: "send"
	from: "0x1429****7f855c"
	to: "0xa1e8****5d0937"
	tokenName: "USDT"
	tokenSymbol: "USDT"
	txHash: "0x502eb8****171978e9"
	Expenses:FIXME 2113.53150000 USDT
	Assets:Crypto:Software:Ethereum:0x1429****7f855c -2113.53150000 USDT

2025-11-06 * "0x1ea0****69dde0" "0x3d58****70aa77 Send"
	blockNo: "23735449"
	contractAddress: "0x66b9****02e846"
	direction: "send"
	from: "0x1429****7f855c"
	to: "0x1ea0****69dde0"
	tokenName: "0x3d58****70aa77"
	tokenSymbol: "0x3d58****70aa77"
	txHash: "0xbaf6e7****42488c9b"
	Expenses:FIXME 2113.53150000 0x3d58****70aa77
	Assets:Crypto:Software:Ethereum:0x1429****7f855c -2113.53150000 0x3d58****70aa77

2025-11-06 * "0x0496****dbe109" "0x3d58****70aa77 Send" #SmallAirdrop
	blockNo: "23735451"
	contractAddress: "0x66b9****02e846"
	direction: "send"
	from: "0x1429****7f855c"
	to: "0x0496****dbe109"
	tokenName: "0x3d58****70aa77"
	tokenSymbol: "0x3d58****70aa77"
	txHash: "0x32e132****47178178"
	Income:Crypto:Airdrop 10.00000000 0x3d58****70aa77
	Assets:Crypto:Software:Ethereum:0x1429****7f855c -10.00000000 0x3d58****70aa77

2025-11-06 * "0x3b1f****eaa7b2" "0x3d58****70aa77 Send"
	blockNo: "23735455"
	contractAddress: "0x66b9****02e846"
	direction: "send"
	from: "0x1429****7f855c"
	to: "0x3b1f****eaa7b2"
	tokenName: "0x3d58****70aa77"
	tokenSymbol: "0x3d58****70aa77"
	txHash: "0x652f37****bf89ff0b"
	Expenses:FIXME 456.00000000 0x3d58****70aa77
	Assets:Crypto:Software:Ethereum:0x1429****7f855c -456.00000000 0x3d58****70aa77

2025-11-06 * "0x5ed9****556c77" "0x3d58****70aa77 Send"
	blockNo: "23735461"
	contractAddress: "0x66b9****02e846"
	direction: "send"
	from: "0x1429****7f855c"
	to: "0x5ed9****556c77"
	tokenName: "0x3d58****70aa77"
	tokenSymbol: "0x3d58****70aa77"
	txHash: "0x630ba1****833e7b3f"
	Expenses:FIXME 3149.25000000 0x3d58****70aa77
	Assets:Crypto:Software:Ethereum:0x1429****7f855c -3149.25000000 0x3d58****70aa77

2025-11-06 * "0x69c3****3f4f68" "0x3d58****70aa77 Send"
	blockNo: "23735463"
	contractAddress: "0x66b9****02e846"
	direction: "send"
	from: "0x1429****7f855c"
	to: "0x69c3****3f4f68"
	tokenName: "0x3d58****70aa77"
	tokenSymbol: "0x3d58****70aa77"
	txHash: "0x0bb353****6f6592e8"
	Expenses:FIXME 1805.00000000 0x3d58****70aa77
	Assets:Crypto:Software:Ethereum:0x1429****7f855c -1805.00000000 0x3d58****70aa77

2025-11-06 * "0xa7d3****ca1041" "0xb927****8ff92d Send"
	blockNo: "23735463"
	contractAddress: "0x1c85****d9b6d7"
	direction: "send"
	from: "0x1429****7f855c"
	to: "0xa7d3****ca1041"
	tokenName: "0xb927****8ff92d"
	tokenSymbol: "0xb927****8ff92d"
	txHash: "0x0bb353****6f6592e8"
	Expenses:FIXME 4572.80728100 0xb927****8ff92d
	Assets:Crypto:Software:Ethereum:0x1429****7f855c -4572.80728100 0xb927****8ff92d

2025-11-06 * "0x522a****9fc734" "USDT Receive" #Stablecoin #USDT
	blockNo: "23735486"
	contractAddress: "0xff7b****1b9f44"
	direction: "recv"
	from: "0x522a****9fc734"
	to: "0x1429****7f855c"
	tokenName: "USDT"
	tokenSymbol: "USDT"
	txHash: "0xf50a23****e987e740"
	Assets:Crypto:Software:Ethereum:0x1429****7f855c 0.00038900 USDT
	Income:Crypto:Transfer -0.00038900 USDT

2025-11-06 * "0x8df1****c3e64f" "USDT Receive" #Stablecoin #USDT
	blockNo: "23735530"
	contractAddress: "0xff7b****1b9f44"
	direction: "recv"
	from: "0x8df1****c3e64f"
	to: "0x1429****7f855c"
	tokenName: "USDT"
	tokenSymbol: "USDT"
	txHash: "0x127ecf****3b247ccc"
	Assets:Crypto:Software:Ethereum:0x1429****7f855c 0.00019400 USDT
	Income:Crypto:Transfer -0.00019400 USDT

2025-11-06 * "0x225b****b0adb0" "USDT Receive" #Stablecoin #USDT
	blockNo: "23735532"
	contractAddress: "0xff7b****1b9f44"
	direction: "recv"
	from: "0x225b****b0adb0"
	to: "0x1429****7f855c"
	tokenName: "USDT"
	tokenSymbol: "USDT"
	txHash: "0x354714****4292c41a"
	Assets:Crypto:Software:Ethereum:0x1429****7f855c 0.00022100 USDT
	Income:Crypto:Transfer -0.00022100 USDT

2025-11-06 * "0xe3d1****9ee4f6" "USDC Receive" #Stablecoin #USDC
	blockNo: "23735598"
	contractAddress: "0xcaf2****16e452"
	direction: "recv"
	from: "0xe3d1****9ee4f6"
	to: "0x1429****7f855c"
	tokenName: "USDC"
	tokenSymbol: "USDC"
	txHash: "0xf48fe5****ec3df20f"
	Assets:Crypto:Ethereum:USDC 0.00045700 USDC
	Income:Crypto:Transfer -0.00045700 USDC

2025-11-06 * "0xd6d0****61379b" "USDC Send" #Stablecoin #USDC
	blockNo: "23735710"
	contractAddress: "0xcaf2****16e452"
	direction: "send"
	from: "0x1429****7f855c"
	to: "0xd6d0****61379b"
	tokenName: "USDC"
	tokenSymbol: "USDC"
	txHash: "0xf0419e****d7f72b46"
	Expenses:FIXME 2354.78400000 USDC
	Assets:Crypto:Ethereum:USDC -2354.78400000 USDC

2025-11-06 * "0xf5a7****a2f53f" "USDC Send" #Stablecoin #USDC
	blockNo: "23735712"
	contractAddress: "0xcaf2****16e452"
	direction: "send"
	from: "0x1429****7f855c"
	to: "0xf5a7****a2f53f"
	tokenName: "USDC"
	tokenSymbol: "USDC"
	txHash: "0x8aa1b2****c9558265"
	Expenses:FIXME 13.50000000 USDC
	Assets:Crypto:Ethereum:USDC -13.50000000 USDC

2025-11-06 * "0x1201****008f29" "0x7a15****412f0b Send"
	blockNo: "23735717"
	contractAddress: "0x999b****7f5ef5"
	direction: "send"
	from: "0x1429****7f855c"
	to: "0x1201****008f29"
	tokenName: "0x7a15****412f0b"
	tokenSymbol: "0x7a15****412f0b"
	txHash: "0x640a93****9c5a5a50"
	Expenses:FIXME 2354.78400000 0x7a15****412f0b
	Assets:Crypto:Software:Ethereum:0x1429****7f855c -2354.78400000 0x7a15****412f0b

2025-11-06 * "0x7868****760d13" "0x7a15****412f0b Send"
	blockNo: "23735717"
	contractAddress: "0x999b****7f5ef5"
	direction: "send"
	from: "0x1429****7f855c"
	to: "0x7868****760d13"
	tokenName: "0x7a15****412f0b"
	tokenSymbol: "0x7a15****412f0b"
	txHash: "0x640a93****9c5a5a50"
	Expenses:FIXME 13.50000000 0x7a15****412f0b
	Assets:Crypto:Software:Ethereum:0x1429****7f855c -13.50000000 0x7a15****412f0b

2025-11-06 * "0xd8db****11ce0a" "USDT Receive" #Stablecoin #USDT
	blockNo: "23735780"
	contractAddress: "0xff7b****1b9f44"
	direction: "recv"
	from: "0xd8db****11ce0a"
	to: "0x1429****7f855c"
	tokenName: "USDT"
	tokenSymbol: "USDT"
	txHash: "0x215e00****a3b2211a"
	Assets:Crypto:Software:Ethereum:0x1429****7f855c 0.00035500 USDT
	Income:Crypto:Transfer -0.00035500 USDT

2025-11-06 * "0xf9be****eb0675" "USDC Send" #Stablecoin #USDC
	blockNo: "23735887"
	contractAddress: "0xcaf2****16e452"
	direction: "send"
	from: "0x1429****7f855c"
	to: "0xf9be****eb0675"
	tokenName: "USDC"
	tokenSymbol: "USDC"
	txHash: "0xf70372****7a84a0b0"
	Expenses:FIXME 1634.00000000 USDC
	Assets:Crypto:Ethereum:USDC -1634.00000000 USDC

2025-11-06 * "0x4b26****9c0c24" "0x7a15****412f0b Send"
	blockNo: "23735891"
	contractAddress: "0x999b****7f5ef5"
	direction: "send"
	from: "0x1429****7f855c"
	to: "0x4b26****9c0c24"
	tokenName: "0x7a15****412f0b"
	tokenSymbol: "0x7a15****412f0b"
	txHash: "0x83ae02****d58bc05e"
	Expenses:FIXME 1634.00000000 0x7a15****412f0b
	Assets:Crypto:Software:Ethereum:0x1429****7f855c -1634.00000000 0x7a15****412f0b

2025-11-06 * "0x07f3****b35fed" "USDT Receive" #Stablecoin #USDT
	blockNo: "23736079"
	contractAddress: "0xff7b****1b9f44"
	direction: "recv"
	from: "0x07f3****b35fed"
	to: "0x1429****7f855c"
	tokenName: "USDT"
	tokenSymbol: "USDT"
	txHash: "0x5810b0****f9018c3a"
	Assets:Crypto:Software:Ethereum:0x1429****7f855c 24000.00000000 USDT
	Income:Crypto:Transfer -24000.00000000 USDT

2025-11-06 * "0xc921****11caab" "USDT Send" #Stablecoin #USDT
	blockNo: "23736102"
	contractAddress: "0xff7b****1b9f44"
	direction: "send"
	from: "0x1429****7f855c"
	to: "0xc921****11caab"
	tokenName: "USDT"
	tokenSymbol: "USDT"
	txHash: "0x9a30ca****94f96cbb"
	Expenses:FIXME 1770.80000000 USDT
	Assets:Crypto:Software:Ethereum:0x1429****7f855c -1770.80000000 USDT

2025-11-06 * "0x739a****8968d0" "USDT Send" #Stablecoin #USDT
	blockNo: "23736103"
	contractAddress: "0xff7b****1b9f44"
	direction: "send"
	from: "0x1429****7f855c"
	to: "0x739a****8968d0"
	tokenName: "USDT"
	tokenSymbol: "USDT"
	txHash: "0xd82b1d****d9020dd8"
	Expenses:FIXME 1501.00000000 USDT
	Assets:Crypto:Software:Ethereum:0x1429****7f855c -1501.00000000 USDT

2025-11-06 * "0x0b6c****e9e69a" "USDT Send" #Stablecoin #USDT
	blockNo: "23736105"
	contractAddress: "0xff7b****1b9f44"
	direction: "send"
	from: "0x1429****7f855c"
	to: "0x0b6c****e9e69a"
	tokenName: "USDT"
	tokenSymbol: "USDT"
	txHash: "0x20e973****2734f386"
	Expenses:FIXME 950.00000000 USDT
	Assets:Crypto:Software:Ethereum:0x1429****7f855c -950.00000000 USDT

2025-11-06 * "0x6ae6****e014e5" "0xcb54****5ee411 Send"
	blockNo: "23736106"
	contractAddress: "0x731b****c97aa8"
	direction: "send"
	from: "0x1429****7f855c"
	to: "0x6ae6****e014e5"
	tokenName: "0xcb54****5ee411"
	tokenSymbol: "0xcb54****5ee411"
	txHash: "0x176aab****b070cb70"
	Expenses:FIXME 1770.80000000 0xcb54****5ee411
	Assets:Crypto:Software:Ethereum:0x1429****7f855c -1770.80000000 0xcb54****5ee411

2025-11-06 * "0x7ea4****0ea93e" "USDT Send" #Stablecoin #USDT
	blockNo: "23736107"
	contractAddress: "0xff7b****1b9f44"
	direction: "send"
	from: "0x1429****7f855c"
	to: "0x7ea4****0ea93e"
	tokenName: "USDT"
	tokenSymbol: "USDT"
	txHash: "0x5b5f92****a8101822"
	Expenses:FIXME 950.00000000 USDT
	Assets:Crypto:Software:Ethereum:0x1429****7f855c -950.00000000 USDT

2025-11-06 * "0xc47e****67a5b5" "USDT Send" #Stablecoin #USDT
	blockNo: "23736109"
	contractAddress: "0xff7b****1b9f44"
	direction: "send"
	from: "0x1429****7f855c"
	to: "0xc47e****67a5b5"
	tokenName: "USDT"
	tokenSymbol: "USDT"
	txHash: "0x4099da****9ac57c42"
	Expenses:FIXME 855.00000000 USDT
	Assets:Crypto:Software:Ethereum:0x1429****7f855c -855.00000000 USDT

2025-11-06 * "0x9992****0752a3" "USDT Send" #Stablecoin #USDT
	blockNo: "23736110"
	contractAddress: "0xff7b****1b9f44"
	direction: "send"
	from: "0x1429****7f855c"
	to: "0x9992****0752a3"
	tokenName: "USDT"
	tokenSymbol: "USDT"
	txHash: "0x024aaa****21d7f1bd"
	Expenses:FIXME 617.50000000 USDT
	Assets:Crypto:Software:Ethereum:0x1429****7f855c -617.50000000 USDT

2025-11-06 * "0xa5b5****35e7a4" "0xcb54****5ee411 Send"
	blockNo: "23736110"
	contractAddress: "0x731b****c97aa8"
	direction: "send"
	from: "0x1429****7f855c"
	to: "0xa5b5****35e7a4"
	tokenName: "0xcb54****5ee411"
	tokenSymbol: "0xcb54****5ee411"
	txHash: "0x69d0a3****29e8d0e1"
	Expenses:FIXME 950.00000000 0xcb54****5ee411
	Assets:Crypto:Software:Ethereum:0x1429****7f855c -950.00000000 0xcb54****5ee411

2025-11-06 * "0xeacf****d0eaeb" "0xcb54****5ee411 Send"
	blockNo: "23736110"
	contractAddress: "0x731b****c97aa8"
	direction: "send"
	from: "0x1429****7f855c"
	to: "0xeacf****d0eaeb"
	tokenName: "0xcb54****5ee411"
	tokenSymbol: "0xcb54****5ee411"
	txHash: "0x69d0a3****29e8d0e1"
	Expenses:FIXME 1501.00000000 0xcb54****5ee411
	Assets:Crypto:Software:Ethereum:0x1429****7f855c -1501.00000000 0xcb54****5ee411

2025-11-06 * "0x3e39****e28441" "0xcb54****5ee411 Send"
	blockNo: "23736110"
	contractAddress: "0x731b****c97aa8"
	direction: "send"
	from: "0x1429****7f855c"
	to: "0x3e39****e28441"
	tokenName: "0xcb54****5ee411"
	tokenSymbol: "0xcb54****5ee411"
	txHash: "0x69d0a3****29e8d0e1"
	Expenses:FIXME 950.00000000 0xcb54****5ee411
	Assets:Crypto:Software:Ethereum:0x1429****7f855c -950.00000000 0xcb54****5ee411

2025-11-06 * "0x94b5****4b0c9c" "USDT Send" #Stablecoin #USDT
	blockNo: "23736113"
	contractAddress: "0xff7b****1b9f44"
	direction: "send"
	from: "0x1429****7f855c"
	to: "0x94b5****4b0c9c"
	tokenName: "USDT"
	tokenSymbol: "USDT"
	txHash: "0x9c95de****20a243a5"
	Expenses:FIXME 4249.35000000 USDT
	Assets:Crypto:Software:Ethereum:0x1429****7f855c -4249.35000000 USDT

2025-11-06 * "0x99dc****755a53" "0xcb54****5ee411 Send"
	blockNo: "23736114"
	contractAddress: "0x731b****c97aa8"
	direction: "send"
	from: "0x1429****7f855c"
	to: "0x99dc****755a53"
	tokenName: "0xcb54****5ee411"
	tokenSymbol: "0xcb54****5ee411"
	txHash: "0x7beb23****c7158b16"
	Expenses:FIXME 855.00000000 0xcb54****5ee411
	Assets:Crypto:Software:Ethereum:0x1429****7f855c -855.00000000 0xcb54****5ee411

2025-11-06 * "0x6a9f****0382c9" "0xcb54****5ee411 Send"
	blockNo: "23736114"
	contractAddress: "0x731b****c97aa8"
	direction: "send"
	from: "0x1429****7f855c"
	to: "0x6a9f****0382c9"
	tokenName: "0xcb54****5ee411"
	tokenSymbol: "0xcb54****5ee411"
	txHash: "0x7beb23****c7158b16"
	Expenses:FIXME 617.50000000 0xcb54****5ee411
	Assets:Crypto:Software:Ethereum:0x1429****7f855c -617.50000000 0xcb54****5ee411

2025-11-06 * "0xa130****4da860" "USDT Send" #Stablecoin #USDT
	blockNo: "23736115"
	contractAddress: "0xff7b****1b9f44"
	direction: "send"
	from: "0x1429****7f855c"
	to: "0xa130****4da860"
	tokenName: "USDT"
	tokenSymbol: "USDT"
	txHash: "0x16d101****8985d20f"
	Expenses:FIXME 665.00000000 USDT
	Assets:Crypto:Software:Ethereum:0x1429****7f855c -665.00000000 USDT

2025-11-06 * "0x1cf3****0fa289" "0xcb54****5ee411 Send"
	blockNo: "23736116"
	contractAddress: "0x731b****c97aa8"
	direction: "send"
	from: "0x1429****7f855c"
	to: "0x1cf3****0fa289"
	tokenName: "0xcb54****5ee411"
	tokenSymbol: "0xcb54****5ee411"
	txHash: "0x61f702****828c67c3"
	Expenses:FIXME 4249.35000000 0xcb54****5ee411
	Assets:Crypto:Software:Ethereum:0x1429****7f855c -4249.35000000 0xcb54****5ee411

2025-11-06 * "0x659a****961e1d" "USDT Send" #Stablecoin #USDT
	blockNo: "23736116"
	contractAddress: "0xff7b****1b9f44"
	direction: "send"
	from: "0x1429****7f855c"
	to: "0x659a****961e1d"
	tokenName: "USDT"
	tokenSymbol: "USDT"
	txHash: "0x7629d2****61c100f3"
	Expenses:FIXME 237.50000000 USDT
	Assets:Crypto:Software:Ethereum:0x1429****7f855c -237.50000000 USDT

2025-11-06 * "0xc38e****4d9ce8" "USDT Send" #Stablecoin #USDT
	blockNo: "23736118"
	contractAddress: "0xff7b****1b9f44"
	direction: "send"
	from: "0x1429****7f855c"
	to: "0xc38e****4d9ce8"
	tokenName: "USDT"
	tokenSymbol: "USDT"
	txHash: "0xb09405****e1789a9a"
	Expenses:FIXME 1235.00000000 USDT
	Assets:Crypto:Software:Ethereum:0x1429****7f855c -1235.00000000 USDT

2025-11-06 * "0x3b95****850ddb" "0xcb54****5ee411 Send"
	blockNo: "23736121"
	contractAddress: "0x731b****c97aa8"
	direction: "send"
	from: "0x1429****7f855c"
	to: "0x3b95****850ddb"
	tokenName: "0xcb54****5ee411"
	tokenSymbol: "0xcb54****5ee411"
	txHash: "0xffa974****7a993220"
	Expenses:FIXME 665.00000000 0xcb54****5ee411
	Assets:Crypto:Software:Ethereum:0x1429****7f855c -665.00000000 0xcb54****5ee411

2025-11-06 * "0xb0f6****6f10f2" "0xcb54****5ee411 Send"
	blockNo: "23736121"
	contractAddress: "0x731b****c97aa8"
	direction: "send"
	from: "0x1429****7f855c"
	to: "0xb0f6****6f10f2"
	tokenName: "0xcb54****5ee411"
	tokenSymbol: "0xcb54****5ee411"
	txHash: "0xffa974****7a993220"
	Expenses:FIXME 237.50000000 0xcb54****5ee411
	Assets:Crypto:Software:Ethereum:0x1429****7f855c -237.50000000 0xcb54****5ee411

2025-11-06 * "0xb6b3****44e74e" "0xcb54****5ee411 Send"
	blockNo: "23736127"
	contractAddress: "0x731b****c97aa8"
	direction: "send"
	from: "0x1429****7f855c"
	to: "0xb6b3****44e74e"
	tokenName: "0xcb54****5ee411"
	tokenSymbol: "0xcb54****5ee411"
	txHash: "0xbdc487****4a44a740"
	Expenses:FIXME 1235.00000000 0xcb54****5ee411
	Assets:Crypto:Software:Ethereum:0x1429****7f855c -1235.00000000 0xcb54****5ee411

2025-11-06 * "0xf14e****c21823" "USDT Send" #Stablecoin #USDT
	blockNo: "23736284"
	contractAddress: "0xff7b****1b9f44"
	direction: "send"
	from: "0x1429****7f855c"
	to: "0xf14e****c21823"
	tokenName: "USDT"
	tokenSymbol: "USDT"
	txHash: "0x00d3cc****4e2470d6"
	Expenses:FIXME 136.80000000 USDT
	Assets:Crypto:Software:Ethereum:0x1429****7f855c -136.80000000 USDT

2025-11-06 * "0x543c****189472" "USDT Send" #Stablecoin #USDT
	blockNo: "23736286"
	contractAddress: "0xff7b****1b9f44"
	direction: "send"
	from: "0x1429****7f855c"
	to: "0x543c****189472"
	tokenName: "USDT"
	tokenSymbol: "USDT"
	txHash: "0x5be19b****55f65f17"
	Expenses:FIXME 2004.50000000 USDT
	Assets:Crypto:Software:Ethereum:0x1429****7f855c -2004.50000000 USDT

2025-11-06 * "0x58b8****e108d3" "USDT Send" #Stablecoin #USDT
	blockNo: "23736288"
	contractAddress: "0xff7b****1b9f44"
	direction: "send"
	from: "0x1429****7f855c"
	to: "0x58b8****e108d3"
	tokenName: "USDT"
	tokenSymbol: "USDT"
	txHash: "0xa45e48****a22489fa"
	Expenses:FIXME 1425.00000000 USDT
	Assets:Crypto:Software:Ethereum:0x1429****7f855c -1425.00000000 USDT

2025-11-06 * "0x66e3****bc6310" "USDT Send" #Stablecoin #USDT
	blockNo: "23736289"
	contractAddress: "0xff7b****1b9f44"
	direction: "send"
	from: "0x1429****7f855c"
	to: "0x66e3****bc6310"
	tokenName: "USDT"
	tokenSymbol: "USDT"
	txHash: "0x63594f****67d58cba"
	Expenses:FIXME 104.50000000 USDT
	Assets:Crypto:Software:Ethereum:0x1429****7f855c -104.50000000 USDT

2025-11-06 * "0x7b9b****bb4b48" "USDC Send" #Stablecoin #USDC
	blockNo: "23736291"
	contractAddress: "0xcaf2****16e452"
	direction: "send"
	from: "0x1429****7f855c"
	to: "0x7b9b****bb4b48"
	tokenName: "USDC"
	tokenSymbol: "USDC"
	txHash: "0xba6499****1f8e2e26"
	Expenses:FIXME 1634.00000000 USDC
	Assets:Crypto:Ethereum:USDC -1634.00000000 USDC

2025-11-06 * "0x6cef****95aab4" "0xcb54****5ee411 Send"
	blockNo: "23736293"
	contractAddress: "0x731b****c97aa8"
	direction: "send"
	from: "0x1429****7f855c"
	to: "0x6cef****95aab4"
	tokenName: "0xcb54****5ee411"
	tokenSymbol: "0xcb54****5ee411"
	txHash: "0x729af7****87e86f65"
	Expenses:FIXME 1425.00000000 0xcb54****5ee411
	Assets:Crypto:Software:Ethereum:0x1429****7f855c -1425.00000000 0xcb54****5ee411

2025-11-06 * "0x5d68****e05bb2" "0xcb54****5ee411 Send"
	blockNo: "23736293"
	contractAddress: "0x731b****c97aa8"
	direction: "send"
	from: "0x1429****7f855c"
	to: "0x5d68****e05bb2"
	tokenName: "0xcb54****5ee411"
	tokenSymbol: "0xcb54****5ee411"
	txHash: "0x729af7****87e86f65"
	Expenses:FIXME 2004.50000000 0xcb54****5ee411
	Assets:Crypto:Software:Ethereum:0x1429****7f855c -2004.50000000 0xcb54****5ee411

2025-11-06 * "0x1a10****6b9a9d" "0xcb54****5ee411 Send"
	blockNo: "23736293"
	contractAddress: "0x731b****c97aa8"
	direction: "send"
	from: "0x1429****7f855c"
	to: "0x1a10****6b9a9d"
	tokenName: "0xcb54****5ee411"
	tokenSymbol: "0xcb54****5ee411"
	txHash: "0x729af7****87e86f65"
	Expenses:FIXME 136.80000000 0xcb54****5ee411
	Assets:Crypto:Software:Ethereum:0x1429****7f855c -136.80000000 0xcb54****5ee411

2025-11-06 * "0xee94****0536dc" "0xcb54****5ee411 Send"
	blockNo: "23736295"
	contractAddress: "0x731b****c97aa8"
	direction: "send"
	from: "0x1429****7f855c"
	to: "0xee94****0536dc"
	tokenName: "0xcb54****5ee411"
	tokenSymbol: "0xcb54****5ee411"
	txHash: "0x4d4f5b****a2039582"
	Expenses:FIXME 104.50000000 0xcb54****5ee411
	Assets:Crypto:Software:Ethereum:0x1429****7f855c -104.50000000 0xcb54****5ee411

2025-11-06 * "0xd0a8****5475b2" "0x7f8b****d4a233 Send"
	blockNo: "23736295"
	contractAddress: "0xac04****40e154"
	direction: "send"
	from: "0x1429****7f855c"
	to: "0xd0a8****5475b2"
	tokenName: "0x7f8b****d4a233"
	tokenSymbol: "0x7f8b****d4a233"
	txHash: "0x4d4f5b****a2039582"
	Expenses:FIXME 1634.00000000 0x7f8b****d4a233
	Assets:Crypto:Software:Ethereum:0x1429****7f855c -1634.00000000 0x7f8b****d4a233

2025-11-06 * "0x740e****15833d" "USDT Send" #Stablecoin #USDT
	blockNo: "23736567"
	contractAddress: "0xff7b****1b9f44"
	direction: "send"
	from: "0x1429****7f855c"
	to: "0x740e****15833d"
	tokenName: "USDT"
	tokenSymbol: "USDT"
	txHash: "0xba92e4****ebdea89b"
	Expenses:FIXME 1045.00000000 USDT
	Assets:Crypto:Software:Ethereum:0x1429****7f855c -1045.00000000 USDT

2025-11-06 * "0xcaee****53af71" "USDT Send" #Stablecoin #USDT
	blockNo: "23736569"
	contractAddress: "0xff7b****1b9f44"
	direction: "send"
	from: "0x1429****7f855c"
	to: "0xcaee****53af71"
	tokenName: "USDT"
	tokenSymbol: "USDT"
	txHash: "0x4205c7****d9101041"
	Expenses:FIXME 285.51300000 USDT
	Assets:Crypto:Software:Ethereum:0x1429****7f855c -285.51300000 USDT

2025-11-06 * "0xf635****4dc36d" "USDT Send" #Stablecoin #USDT
	blockNo: "23736571"
	contractAddress: "0xff7b****1b9f44"
	direction: "send"
	from: "0x1429****7f855c"
	to: "0xf635****4dc36d"
	tokenName: "USDT"
	tokenSymbol: "USDT"
	txHash: "0xee0932****07d9fffc"
	Expenses:FIXME 291.24150000 USDT
	Assets:Crypto:Software:Ethereum:0x1429****7f855c -291.24150000 USDT

2025-11-06 * "0xa130****4da860" "USDT Send" #Stablecoin #USDT
	blockNo: "23736572"
	contractAddress: "0xff7b****1b9f44"
	direction: "send"
	from: "0x1429****7f855c"
	to: "0xa130****4da860"
	tokenName: "USDT"
	tokenSymbol: "USDT"
	txHash: "0xdc71bb****4a0746e3"
	Expenses:FIXME 553.48900000 USDT
	Assets:Crypto:Software:Ethereum:0x1429****7f855c -553.48900000 USDT

2025-11-06 * "0x9a6f****8981cb" "0xaeb0****590eca Send"
	blockNo: "23736574"
	contractAddress: "0x9157****0e44d2"
	direction: "send"
	from: "0x1429****7f855c"
	to: "0x9a6f****8981cb"
	tokenName: "0xaeb0****590eca"
	tokenSymbol: "0xaeb0****590eca"
	txHash: "0xf5ca9c****fd77fa9b"
	Expenses:FIXME 291.24150000 0xaeb0****590eca
	Assets:Crypto:Software:Ethereum:0x1429****7f855c -291.24150000 0xaeb0****590eca

2025-11-06 * "0xa32c****5742dc" "USDT Send" #Stablecoin #USDT
	blockNo: "23736574"
	contractAddress: "0xff7b****1b9f44"
	direction: "send"
	from: "0x1429****7f855c"
	to: "0xa32c****5742dc"
	tokenName: "USDT"
	tokenSymbol: "USDT"
	txHash: "0x200411****6b1e765a"
	Expenses:FIXME 285.81700000 USDT
	Assets:Crypto:Software:Ethereum:0x1429****7f855c -285.81700000 USDT

2025-11-06 * "0x3b95****850ddb" "0xaeb0****590eca Send"
	blockNo: "23736575"
	contractAddress: "0x9157****0e44d2"
	direction: "send"
	from: "0x1429****7f855c"
	to: "0x3b95****850ddb"
	tokenName: "0xaeb0****590eca"
	tokenSymbol: "0xaeb0****590eca"
	txHash: "0x3e1f09****a1bd66b1"
	Expenses:FIXME 553.48900000 0xaeb0****590eca
	Assets:Crypto:Software:Ethereum:0x1429****7f855c -553.48900000 0xaeb0****590eca

2025-11-06 * "0xfb03****106692" "USDT Send" #Stablecoin #USDT
	blockNo: "23736576"
	contractAddress: "0xff7b****1b9f44"
	direction: "send"
	from: "0x1429****7f855c"
	to: "0xfb03****106692"
	tokenName: "USDT"
	tokenSymbol: "USDT"
	txHash: "0x4154c8****6759f2bd"
	Expenses:FIXME 627.00000000 USDT
	Assets:Crypto:Software:Ethereum:0x1429****7f855c -627.00000000 USDT

2025-11-06 * "0x09c2****c69cd5" "USDT Send" #Stablecoin #USDT
	blockNo: "23736577"
	contractAddress: "0xff7b****1b9f44"
	direction: "send"
	from: "0x1429****7f855c"
	to: "0x09c2****c69cd5"
	tokenName: "USDT"
	tokenSymbol: "USDT"
	txHash: "0x7af157****44ad242e"
	Expenses:FIXME 503.50000000 USDT
	Assets:Crypto:Software:Ethereum:0x1429****7f855c -503.50000000 USDT

2025-11-06 * "0x1631****18aa4f" "USDT Send" #Stablecoin #USDT
	blockNo: "23736579"
	contractAddress: "0xff7b****1b9f44"
	direction: "send"
	from: "0x1429****7f855c"
	to: "0x1631****18aa4f"
	tokenName: "USDT"
	tokenSymbol: "USDT"
	txHash: "0x46b21f****9f927337"
	Expenses:FIXME 1007.00000000 USDT
	Assets:Crypto:Software:Ethereum:0x1429****7f855c -1007.00000000 USDT

2025-11-06 * "0x66b6****b5aa88" "0xaeb0****590eca Send"
	blockNo: "23736580"
	contractAddress: "0x9157****0e44d2"
	direction: "send"
	from: "0x1429****7f855c"
	to: "0x66b6****b5aa88"
	tokenName: "0xaeb0****590eca"
	tokenSymbol: "0xaeb0****590eca"
	txHash: "0xfc5ecd****e7b3b142"
	Expenses:FIXME 503.50000000 0xaeb0****590eca
	Assets:Crypto:Software:Ethereum:0x1429****7f855c -503.50000000 0xaeb0****590eca

2025-11-06 * "0xc247****e793c7" "0xaeb0****590eca Send"
	blockNo: "23736580"
	contractAddress: "0x9157****0e44d2"
	direction: "send"
	from: "0x1429****7f855c"
	to: "0xc247****e793c7"
	tokenName: "0xaeb0****590eca"
	tokenSymbol: "0xaeb0****590eca"
	txHash: "0xfc5ecd****e7b3b142"
	Expenses:FIXME 285.81700000 0xaeb0****590eca
	Assets:Crypto:Software:Ethereum:0x1429****7f855c -285.81700000 0xaeb0****590eca

2025-11-06 * "0xfb89****1e5b75" "0xaeb0****590eca Send"
	blockNo: "23736580"
	contractAddress: "0x9157****0e44d2"
	direction: "send"
	from: "0x1429****7f855c"
	to: "0xfb89****1e5b75"
	tokenName: "0xaeb0****590eca"
	tokenSymbol: "0xaeb0****590eca"
	txHash: "0xfc5ecd****e7b3b142"
	Expenses:FIXME 627.00000000 0xaeb0****590eca
	Assets:Crypto:Software:Ethereum:0x1429****7f855c -627.00000000 0xaeb0****590eca

2025-11-06 * "0xa1ba****758397" "USDT Send" #Stablecoin #USDT
	blockNo: "23736581"
	contractAddress: "0xff7b****1b9f44"
	direction: "send"
	from: "0x1429****7f855c"
	to: "0xa1ba****758397"
	tokenName: "USDT"
	tokenSymbol: "USDT"
	txHash: "0xb218cc****0e687b5b"
	Expenses:FIXME 523.45000000 USDT
	Assets:Crypto:Software:Ethereum:0x1429****7f855c -523.45000000 USDT

2025-11-06 * "0x4dcb****2c392f" "USDT Send" #Stablecoin #USDT
	blockNo: "23736583"
	contractAddress: "0xff7b****1b9f44"
	direction: "send"
	from: "0x1429****7f855c"
	to: "0x4dcb****2c392f"
	tokenName: "USDT"
	tokenSymbol: "USDT"
	txHash: "0xa34061****1c0a0601"
	Expenses:FIXME 20.00000000 USDT
	Assets:Crypto:Software:Ethereum:0x1429****7f855c -20.00000000 USDT

2025-11-06 * "0x6e4e****1f3272" "0xaeb0****590eca Send"
	blockNo: "23736584"
	contractAddress: "0x9157****0e44d2"
	direction: "send"
	from: "0x1429****7f855c"
	to: "0x6e4e****1f3272"
	tokenName: "0xaeb0****590eca"
	tokenSymbol: "0xaeb0****590eca"
	txHash: "0x119477****501b5455"
	Expenses:FIXME 523.45000000 0xaeb0****590eca
	Assets:Crypto:Software:Ethereum:0x1429****7f855c -523.45000000 0xaeb0****590eca

2025-11-06 * "0xa5fd****c236e9" "USDC Send" #Stablecoin #USDC
	blockNo: "23736584"
	contractAddress: "0xcaf2****16e452"
	direction: "send"
	from: "0x1429****7f855c"
	to: "0xa5fd****c236e9"
	tokenName: "USDC"
	tokenSymbol: "USDC"
	txHash: "0x8f408a****732d42f8"
	Expenses:FIXME 190.01900000 USDC
	Assets:Crypto:Ethereum:USDC -190.01900000 USDC

2025-11-06 * "0x59cb****57fe8c" "USDC Send" #Stablecoin #USDC
	blockNo: "23736586"
	contractAddress: "0xcaf2****16e452"
	direction: "send"
	from: "0x1429****7f855c"
	to: "0x59cb****57fe8c"
	tokenName: "USDC"
	tokenSymbol: "USDC"
	txHash: "0xfaa52c****6f3b3367"
	Expenses:FIXME 2193.55000000 USDC
	Assets:Crypto:Ethereum:USDC -2193.55000000 USDC

2025-11-06 * "0x178b****0737c1" "USDC Send" #Stablecoin #USDC
	blockNo: "23736588"
	contractAddress: "0xcaf2****16e452"
	direction: "send"
	from: "0x1429****7f855c"
	to: "0x178b****0737c1"
	tokenName: "USDC"
	tokenSymbol: "USDC"
	txHash: "0x93c059****6b73a65b"
	Expenses:FIXME 237.52375000 USDC
	Assets:Crypto:Ethereum:USDC -237.52375000 USDC

2025-11-06 * "0xc5e3****3b16f1" "0xaeb0****590eca Send"
	blockNo: "23736589"
	contractAddress: "0x9157****0e44d2"
	direction: "send"
	from: "0x1429****7f855c"
	to: "0xc5e3****3b16f1"
	tokenName: "0xaeb0****590eca"
	tokenSymbol: "0xaeb0****590eca"
	txHash: "0x90809a****c48f37bd"
	Expenses:FIXME 20.00000000 0xaeb0****590eca
	Assets:Crypto:Software:Ethereum:0x1429****7f855c -20.00000000 0xaeb0****590eca

2025-11-06 * "0xcf16****fd92cb" "0x9d1b****808020 Send"
	blockNo: "23736591"
	contractAddress: "0x8f08****f67a8c"
	direction: "send"
	from: "0x1429****7f855c"
	to: "0xcf16****fd92cb"
	tokenName: "0x9d1b****808020"
	tokenSymbol: "0x9d1b****808020"
	txHash: "0x928a2f****66a5188a"
	Expenses:FIXME 237.52375000 0x9d1b****808020
	Assets:Crypto:Software:Ethereum:0x1429****7f855c -237.52375000 0x9d1b****808020

2025-11-06 * "0xc916****7c36d6" "0x9d1b****808020 Send"
	blockNo: "23736594"
	contractAddress: "0x8f08****f67a8c"
	direction: "send"
	from: "0x1429****7f855c"
	to: "0xc916****7c36d6"
	tokenName: "0x9d1b****808020"
	tokenSymbol: "0x9d1b****808020"
	txHash: "0x450fb8****aef164cf"
	Expenses:FIXME 2193.55000000 0x9d1b****808020
	Assets:Crypto:Software:Ethereum:0x1429****7f855c -2193.55000000 0x9d1b****808020

2025-11-06 * "0x30c8****82dedc" "0x21af****f2ca16 Send"
	blockNo: "23736644"
	contractAddress: "0x49fd****939f10"
	direction: "send"
	from: "0x1429****7f855c"
	to: "0x30c8****82dedc"
	tokenName: "0x21af****f2ca16"
	tokenSymbol: "0x21af****f2ca16"
	txHash: "0x0e0389****8c78f5a3"
	Expenses:FIXME 190.01900000 0x21af****f2ca16
	Assets:Crypto:Software:Ethereum:0x1429****7f855c -190.01900000 0x21af****f2ca16

2025-11-06 * "0x67bb****908200" "0xa1ae****dca6ec Send"
	blockNo: "23736662"
	contractAddress: "0x22a6****fd1949"
	direction: "send"
	from: "0x1429****7f855c"
	to: "0x67bb****908200"
	tokenName: "0xa1ae****dca6ec"
	tokenSymbol: "0xa1ae****dca6ec"
	txHash: "0x960cba****bb5c4cef"
	Expenses:FIXME 1007.00000000 0xa1ae****dca6ec
	Assets:Crypto:Software:Ethereum:0x1429****7f855c -1007.00000000 0xa1ae****dca6ec

2025-11-06 * "0xeb96****23103b" "USDC Send" #Stablecoin #USDC #SmallAirdrop
	blockNo: "23736745"
	contractAddress: "0xcaf2****16e452"
	direction: "send"
	from: "0x1429****7f855c"
	to: "0xeb96****23103b"
	tokenName: "USDC"
	tokenSymbol: "USDC"
	txHash: "0x89aa6d****100b89eb"
	Income:Crypto:Airdrop 5.00310000 USDC
	Assets:Crypto:Ethereum:USDC -5.00310000 USDC

2025-11-06 * "0xd3e1****edd1e8" "0x21af****f2ca16 Send" #SmallAirdrop
	blockNo: "23736749"
	contractAddress: "0x49fd****939f10"
	direction: "send"
	from: "0x1429****7f855c"
	to: "0xd3e1****edd1e8"
	tokenName: "0x21af****f2ca16"
	tokenSymbol: "0x21af****f2ca16"
	txHash: "0xeb9100****49fc2a79"
	Income:Crypto:Airdrop 5.00310000 0x21af****f2ca16
	Assets:Crypto:Software:Ethereum:0x1429****7f855c -5.00310000 0x21af****f2ca16

2025-11-06 * "0x8395****9716cb" "0xcfcb****70a66b Send"
	blockNo: "23736934"
	contractAddress: "0x252d****495c45"
	direction: "send"
	from: "0x1429****7f855c"
	to: "0x8395****9716cb"
	tokenName: "0xcfcb****70a66b"
	tokenSymbol: "0xcfcb****70a66b"
	txHash: "0x59525d****238a3dd0"
	Expenses:FIXME 285.51300000 0xcfcb****70a66b
	Assets:Crypto:Software:Ethereum:0x1429****7f855c -285.51300000 0xcfcb****70a66b

2025-11-06 * "0x07f3****b35fed" "USDC Receive" #Stablecoin #USDC
	blockNo: "23737122"
	contractAddress: "0xcaf2****16e452"
	direction: "recv"
	from: "0x07f3****b35fed"
	to: "0x1429****7f855c"
	tokenName: "USDC"
	tokenSymbol: "USDC"
	txHash: "0xd4eda8****20e1e7c2"
	Assets:Crypto:Ethereum:USDC 30000.00000000 USDC
	Income:Crypto:Transfer -30000.00000000 USDC

2025-11-06 * "0xaca4****a37206" "USDC Send" #Stablecoin #USDC
	blockNo: "23737131"
	contractAddress: "0xcaf2****16e452"
	direction: "send"
	from: "0x1429****7f855c"
	to: "0xaca4****a37206"
	tokenName: "USDC"
	tokenSymbol: "USDC"
	txHash: "0xbfb9b4****aa08dd0a"
	Expenses:FIXME 10000.00000000 USDC
	Assets:Crypto:Ethereum:USDC -10000.00000000 USDC

2025-11-06 * "0xd424****4642aa" "0x0fc6****b6b4b9 Send"
	blockNo: "23737135"
	contractAddress: "0xa74d****3c7f39"
	direction: "send"
	from: "0x1429****7f855c"
	to: "0xd424****4642aa"
	tokenName: "0x0fc6****b6b4b9"
	tokenSymbol: "0x0fc6****b6b4b9"
	txHash: "0x2865ea****6aaf7b7a"
	Expenses:FIXME 10000.00000000 0x0fc6****b6b4b9
	Assets:Crypto:Software:Ethereum:0x1429****7f855c -10000.00000000 0x0fc6****b6b4b9

2025-11-06 * "0xd424****4642aa" "0xaabd****7e114f Send"
	blockNo: "23737138"
	contractAddress: "0x8e37****536cd4"
	direction: "send"
	from: "0x1429****7f855c"
	to: "0xd424****4642aa"
	tokenName: "0xaabd****7e114f"
	tokenSymbol: "0xaabd****7e114f"
	txHash: "0x1ceb81****7982f2ca"
	Expenses:FIXME 0.00100000 0xaabd****7e114f
	Assets:Crypto:Software:Ethereum:0x1429****7f855c -0.00100000 0xaabd****7e114f

2025-11-06 * "0x2d15****2ab5d9" "USDC Send" #Stablecoin #USDC
	blockNo: "23737173"
	contractAddress: "0xcaf2****16e452"
	direction: "send"
	from: "0x1429****7f855c"
	to: "0x2d15****2ab5d9"
	tokenName: "USDC"
	tokenSymbol: "USDC"
	txHash: "0xe8ab4c****57c0d0e9"
	Expenses:FIXME 1710.00000000 USDC
	Assets:Crypto:Ethereum:USDC -1710.00000000 USDC

2025-11-06 * "0x297d****2543b7" "0x0fc6****b6b4b9 Send"
	blockNo: "23737179"
	contractAddress: "0xa74d****3c7f39"
	direction: "send"
	from: "0x1429****7f855c"
	to: "0x297d****2543b7"
	tokenName: "0x0fc6****b6b4b9"
	tokenSymbol: "0x0fc6****b6b4b9"
	txHash: "0x4a6242****76ed011c"
	Expenses:FIXME 1710.00000000 0x0fc6****b6b4b9
	Assets:Crypto:Software:Ethereum:0x1429****7f855c -1710.00000000 0x0fc6****b6b4b9

2025-11-06 * "0x2198****992799" "USDC Send" #Stablecoin #USDC
	blockNo: "23737450"
	contractAddress: "0xcaf2****16e452"
	direction: "send"
	from: "0x1429****7f855c"
	to: "0x2198****992799"
	tokenName: "USDC"
	tokenSymbol: "USDC"
	txHash: "0x7ea780****02dc19b7"
	Expenses:FIXME 109.26090000 USDC
	Assets:Crypto:Ethereum:USDC -109.26090000 USDC

2025-11-06 * "0xd8e3****e47f15" "0xe103****296633 Send"
	blockNo: "23737455"
	contractAddress: "0xf9ad****4bd001"
	direction: "send"
	from: "0x1429****7f855c"
	to: "0xd8e3****e47f15"
	tokenName: "0xe103****296633"
	tokenSymbol: "0xe103****296633"
	txHash: "0xf94739****af303dab"
	Expenses:FIXME 109.26090000 0xe103****296633
	Assets:Crypto:Software:Ethereum:0x1429****7f855c -109.26090000 0xe103****296633

2025-11-06 * "0x405b****888084" "USDT Send" #Stablecoin #USDT
	blockNo: "23737702"
	contractAddress: "0xff7b****1b9f44"
	direction: "send"
	from: "0x1429****7f855c"
	to: "0x405b****888084"
	tokenName: "USDT"
	tokenSymbol: "USDT"
	txHash: "0x054a99****4f1c183a"
	Expenses:FIXME 496.85000000 USDT
	Assets:Crypto:Software:Ethereum:0x1429****7f855c -496.85000000 USDT

2025-11-06 * "0x7b75****ffad69" "USDT Send" #Stablecoin #USDT
	blockNo: "23737702"
	contractAddress: "0xff7b****1b9f44"
	direction: "send"
	from: "0x1429****7f855c"
	to: "0x7b75****ffad69"
	tokenName: "USDT"
	tokenSymbol: "USDT"
	txHash: "0x054a99****4f1c183a"
	Expenses:FIXME 232.75000000 USDT
	Assets:Crypto:Software:Ethereum:0x1429****7f855c -232.75000000 USDT

2025-11-06 * "0x8e28****06187a" "0x22e5****953418 Send"
	blockNo: "23737708"
	contractAddress: "0x58a7****08c36f"
	direction: "send"
	from: "0x1429****7f855c"
	to: "0x8e28****06187a"
	tokenName: "0x22e5****953418"
	tokenSymbol: "0x22e5****953418"
	txHash: "0x84ddc6****4854d650"
	Expenses:FIXME 496.85000000 0x22e5****953418
	Assets:Crypto:Software:Ethereum:0x1429****7f855c -496.85000000 0x22e5****953418

2025-11-06 * "0x6fff****676852" "0x22e5****953418 Send"
	blockNo: "23737708"
	contractAddress: "0x58a7****08c36f"
	direction: "send"
	from: "0x1429****7f855c"
	to: "0x6fff****676852"
	tokenName: "0x22e5****953418"
	tokenSymbol: "0x22e5****953418"
	txHash: "0x84ddc6****4854d650"
	Expenses:FIXME 232.75000000 0x22e5****953418
	Assets:Crypto:Software:Ethereum:0x1429****7f855c -232.75000000 0x22e5****953418

2025-11-06 * "0xb43e****c1e6e2" "USDT Send" #Stablecoin #USDT
	blockNo: "23737995"
	contractAddress: "0xff7b****1b9f44"
	direction: "send"
	from: "0x1429****7f855c"
	to: "0xb43e****c1e6e2"
	tokenName: "USDT"
	tokenSymbol: "USDT"
	txHash: "0xa0a1f2****e7c77c83"
	Expenses:FIXME 95.00000000 USDT
	Assets:Crypto:Software:Ethereum:0x1429****7f855c -95.00000000 USDT

2025-11-06 * "0xe92c****be3892" "0x3179****419146 Send"
	blockNo: "23737998"
	contractAddress: "0x4976****36d9a8"
	direction: "send"
	from: "0x1429****7f855c"
	to: "0xe92c****be3892"
	tokenName: "0x3179****419146"
	tokenSymbol: "0x3179****419146"
	txHash: "0xa92f2c****f66c4976"
	Expenses:FIXME 95.00000000 0x3179****419146
	Assets:Crypto:Software:Ethereum:0x1429****7f855c -95.00000000 0x3179****419146

2025-11-06 * "0x2024****171b02" "USDT Send" #Stablecoin #USDT
	blockNo: "23738163"
	contractAddress: "0xff7b****1b9f44"
	direction: "send"
	from: "0x1429****7f855c"
	to: "0x2024****171b02"
	tokenName: "USDT"
	tokenSymbol: "USDT"
	txHash: "0x2589cb****69e3c04e"
	Expenses:FIXME 99.75000000 USDT
	Assets:Crypto:Software:Ethereum:0x1429****7f855c -99.75000000 USDT

2025-11-06 * "0xd052****9c89df" "0xbaef****37c6a8 Send"
	blockNo: "23738166"
	contractAddress: "0x5c36****b823cf"
	direction: "send"
	from: "0x1429****7f855c"
	to: "0xd052****9c89df"
	tokenName: "0xbaef****37c6a8"
	tokenSymbol: "0xbaef****37c6a8"
	txHash: "0x9f879f****dc990723"
	Expenses:FIXME 99.75000000 0xbaef****37c6a8
	Assets:Crypto:Software:Ethereum:0x1429****7f855c -99.75000000 0xbaef****37c6a8

2025-11-06 * "0xfdcd****dab827" "USDT Send" #Stablecoin #USDT
	blockNo: "23738364"
	contractAddress: "0xff7b****1b9f44"
	direction: "send"
	from: "0x1429****7f855c"
	to: "0xfdcd****dab827"
	tokenName: "USDT"
	tokenSymbol: "USDT"
	txHash: "0xa3eb45****e80fb2de"
	Expenses:FIXME 351.50000000 USDT
	Assets:Crypto:Software:Ethereum:0x1429****7f855c -351.50000000 USDT

2025-11-06 * "0x2b89****390ddb" "USDT Send" #Stablecoin #USDT
	blockNo: "23738367"
	contractAddress: "0xff7b****1b9f44"
	direction: "send"
	from: "0x1429****7f855c"
	to: "0x2b89****390ddb"
	tokenName: "USDT"
	tokenSymbol: "USDT"
	txHash: "0xed119e****95193101"
	Expenses:FIXME 1001.30000000 USDT
	Assets:Crypto:Software:Ethereum:0x1429****7f855c -1001.30000000 USDT

2025-11-06 * "0x494e****56fbc0" "USDT Send" #Stablecoin #USDT
	blockNo: "23738370"
	contractAddress: "0xff7b****1b9f44"
	direction: "send"
	from: "0x1429****7f855c"
	to: "0x494e****56fbc0"
	tokenName: "USDT"
	tokenSymbol: "USDT"
	txHash: "0xe84da1****b5d97aa6"
	Expenses:FIXME 50.00000000 USDT
	Assets:Crypto:Software:Ethereum:0x1429****7f855c -50.00000000 USDT

2025-11-06 * "0x24e4****90a643" "0xbaef****37c6a8 Send"
	blockNo: "23738374"
	contractAddress: "0x5c36****b823cf"
	direction: "send"
	from: "0x1429****7f855c"
	to: "0x24e4****90a643"
	tokenName: "0xbaef****37c6a8"
	tokenSymbol: "0xbaef****37c6a8"
	txHash: "0x731833****87f18cda"
	Expenses:FIXME 50.00000000 0xbaef****37c6a8
	Assets:Crypto:Software:Ethereum:0x1429****7f855c -50.00000000 0xbaef****37c6a8

2025-11-06 * "0x80b8****0eebe6" "USDC Send" #Stablecoin #USDC
	blockNo: "23738375"
	contractAddress: "0xcaf2****16e452"
	direction: "send"
	from: "0x1429****7f855c"
	to: "0x80b8****0eebe6"
	tokenName: "USDC"
	tokenSymbol: "USDC"
	txHash: "0xffe92b****06a9f488"
	Expenses:FIXME 190.01900100 USDC
	Assets:Crypto:Ethereum:USDC -190.01900100 USDC

2025-11-06 * "0x9d9c****284a2d" "0xbaef****37c6a8 Send"
	blockNo: "23738379"
	contractAddress: "0x5c36****b823cf"
	direction: "send"
	from: "0x1429****7f855c"
	to: "0x9d9c****284a2d"
	tokenName: "0xbaef****37c6a8"
	tokenSymbol: "0xbaef****37c6a8"
	txHash: "0x997b84****ae87725d"
	Expenses:FIXME 351.50000000 0xbaef****37c6a8
	Assets:Crypto:Software:Ethereum:0x1429****7f855c -351.50000000 0xbaef****37c6a8

2025-11-06 * "0x7839****3dec86" "0x3d57****58255b Send"
	blockNo: "23738389"
	contractAddress: "0xcbf0****5f84e3"
	direction: "send"
	from: "0x1429****7f855c"
	to: "0x7839****3dec86"
	tokenName: "0x3d57****58255b"
	tokenSymbol: "0x3d57****58255b"
	txHash: "0xbe2f15****63969574"
	Expenses:FIXME 190.01900100 0x3d57****58255b
	Assets:Crypto:Software:Ethereum:0x1429****7f855c -190.01900100 0x3d57****58255b

2025-11-06 * "0x1e4c****086c42" "0xbaef****37c6a8 Send"
	blockNo: "23738399"
	contractAddress: "0x5c36****b823cf"
	direction: "send"
	from: "0x1429****7f855c"
	to: "0x1e4c****086c42"
	tokenName: "0xbaef****37c6a8"
	tokenSymbol: "0xbaef****37c6a8"
	txHash: "0x306be5****aafc0542"
	Expenses:FIXME 1001.30000000 0xbaef****37c6a8
	Assets:Crypto:Software:Ethereum:0x1429****7f855c -1001.30000000 0xbaef****37c6a8

2025-11-06 * "0x4836****ee5127" "0x5af8****f905f7 Send"
	blockNo: "23738406"
	contractAddress: "0x067b****b5206a"
	direction: "send"
	from: "0x1429****7f855c"
	to: "0x4836****ee5127"
	tokenName: "0x5af8****f905f7"
	tokenSymbol: "0x5af8****f905f7"
	txHash: "0x7d43f5****7b2dcade"
	Expenses:FIXME 190.01900100 0x5af8****f905f7
	Assets:Crypto:Software:Ethereum:0x1429****7f855c -190.01900100 0x5af8****f905f7

2025-11-06 * "0x7839****3dec86" "0x2245****c1e307 Send"
	blockNo: "23738413"
	contractAddress: "0x2c29****343070"
	direction: "send"
	from: "0x1429****7f855c"
	to: "0x7839****3dec86"
	tokenName: "0x2245****c1e307"
	tokenSymbol: "0x2245****c1e307"
	txHash: "0x3bc507****79fccb3d"
	Expenses:FIXME 190.01900100 0x2245****c1e307
	Assets:Crypto:Software:Ethereum:0x1429****7f855c -190.01900100 0x2245****c1e307

2025-11-06 * "0x07f3****b35fed" "USDT Receive" #Stablecoin #USDT
	blockNo: "23738634"
	contractAddress: "0xff7b****1b9f44"
	direction: "recv"
	from: "0x07f3****b35fed"
	to: "0x1429****7f855c"
	tokenName: "USDT"
	tokenSymbol: "USDT"
	txHash: "0xd0dddd****ffda4634"
	Assets:Crypto:Software:Ethereum:0x1429****7f855c 19000.00000000 USDT
	Income:Crypto:Transfer -19000.00000000 USDT

2025-11-06 * "0xc47e****67a5b5" "USDT Send" #Stablecoin #USDT
	blockNo: "23738644"
	contractAddress: "0xff7b****1b9f44"
	direction: "send"
	from: "0x1429****7f855c"
	to: "0xc47e****67a5b5"
	tokenName: "USDT"
	tokenSymbol: "USDT"
	txHash: "0xa71aad****7af5847e"
	Expenses:FIXME 2153.65000000 USDT
	Assets:Crypto:Software:Ethereum:0x1429****7f855c -2153.65000000 USDT

2025-11-06 * "0x7ea4****0ea93e" "USDT Send" #Stablecoin #USDT
	blockNo: "23738647"
	contractAddress: "0xff7b****1b9f44"
	direction: "send"
	from: "0x1429****7f855c"
	to: "0x7ea4****0ea93e"
	tokenName: "USDT"
	tokenSymbol: "USDT"
	txHash: "0x4906f8****ae7a6931"
	Expenses:FIXME 1140.00000000 USDT
	Assets:Crypto:Software:Ethereum:0x1429****7f855c -1140.00000000 USDT

2025-11-06 * "0x99dc****755a53" "0xb874****538045 Send"
	blockNo: "23738647"
	contractAddress: "0x2ec7****0c8dc5"
	direction: "send"
	from: "0x1429****7f855c"
	to: "0x99dc****755a53"
	tokenName: "0xb874****538045"
	tokenSymbol: "0xb874****538045"
	txHash: "0x233a3c****bb82de32"
	Expenses:FIXME 2153.65000000 0xb874****538045
	Assets:Crypto:Software:Ethereum:0x1429****7f855c -2153.65000000 0xb874****538045

2025-11-06 * "0x0b6c****e9e69a" "USDT Send" #Stablecoin #USDT
	blockNo: "23738650"
	contractAddress: "0xff7b****1b9f44"
	direction: "send"
	from: "0x1429****7f855c"
	to: "0x0b6c****e9e69a"
	tokenName: "USDT"
	tokenSymbol: "USDT"
	txHash: "0x9ed5fc****a4f94cba"
	Expenses:FIXME 933.85000000 USDT
	Assets:Crypto:Software:Ethereum:0x1429****7f855c -933.85000000 USDT

2025-11-06 * "0x3e39****e28441" "0xb874****538045 Send"
	blockNo: "23738651"
	contractAddress: "0x2ec7****0c8dc5"
	direction: "send"
	from: "0x1429****7f855c"
	to: "0x3e39****e28441"
	tokenName: "0xb874****538045"
	tokenSymbol: "0xb874****538045"
	txHash: "0x8e57ad****8eff5a66"
	Expenses:FIXME 1140.00000000 0xb874****538045
	Assets:Crypto:Software:Ethereum:0x1429****7f855c -1140.00000000 0xb874****538045

2025-11-06 * "0x8acc****1f981d" "USDT Send" #Stablecoin #USDT
	blockNo: "23738653"
	contractAddress: "0xff7b****1b9f44"
	direction: "send"
	from: "0x1429****7f855c"
	to: "0x8acc****1f981d"
	tokenName: "USDT"
	tokenSymbol: "USDT"
	txHash: "0xd84d67****cbd40335"
	Expenses:FIXME 171.76000000 USDT
	Assets:Crypto:Software:Ethereum:0x1429****7f855c -171.76000000 USDT

2025-11-06 * "0xa5b5****35e7a4" "0xb874****538045 Send"
	blockNo: "23738655"
	contractAddress: "0x2ec7****0c8dc5"
	direction: "send"
	from: "0x1429****7f855c"
	to: "0xa5b5****35e7a4"
	tokenName: "0xb874****538045"
	tokenSymbol: "0xb874****538045"
	txHash: "0xa88260****fc1e02f9"
	Expenses:FIXME 933.85000000 0xb874****538045
	Assets:Crypto:Software:Ethereum:0x1429****7f855c -933.85000000 0xb874****538045

2025-11-06 * "0x4e77****07cfb0" "0xb874****538045 Send"
	blockNo: "23738656"
	contractAddress: "0x2ec7****0c8dc5"
	direction: "send"
	from: "0x1429****7f855c"
	to: "0x4e77****07cfb0"
	tokenName: "0xb874****538045"
	tokenSymbol: "0xb874****538045"
	txHash: "0xb05206****6327b454"
	Expenses:FIXME 171.76000000 0xb874****538045
	Assets:Crypto:Software:Ethereum:0x1429****7f855c -171.76000000 0xb874****538045

2025-11-06 * "0xc000****6159ec" "USDT Send" #Stablecoin #USDT
	blockNo: "23738686"
	contractAddress: "0xff7b****1b9f44"
	direction: "send"
	from: "0x1429****7f855c"
	to: "0xc000****6159ec"
	tokenName: "USDT"
	tokenSymbol: "USDT"
	txHash: "0x1edffa****1b87cb58"
	Expenses:FIXME 451.25000000 USDT
	Assets:Crypto:Software:Ethereum:0x1429****7f855c -451.25000000 USDT

2025-11-06 * "0x3f3a****51b196" "0xb874****538045 Send"
	blockNo: "23738689"
	contractAddress: "0x2ec7****0c8dc5"
	direction: "send"
	from: "0x1429****7f855c"
	to: "0x3f3a****51b196"
	tokenName: "0xb874****538045"
	tokenSymbol: "0xb874****538045"
	txHash: "0xc24c16****5209c512"
	Expenses:FIXME 451.25000000 0xb874****538045
	Assets:Crypto:Software:Ethereum:0x1429****7f855c -451.25000000 0xb874****538045

2025-11-06 * "0x7539****a58f73" "USDT Send" #Stablecoin #USDT
	blockNo: "23738692"
	contractAddress: "0xff7b****1b9f44"
	direction: "send"
	from: "0x1429****7f855c"
	to: "0x7539****a58f73"
	tokenName: "USDT"
	tokenSymbol: "USDT"
	txHash: "0x23e496****a2b51172"
	Expenses:FIXME 950.00000000 USDT
	Assets:Crypto:Software:Ethereum:0x1429****7f855c -950.00000000 USDT

2025-11-06 * "0xbb5f****b92f3d" "USDT Send" #Stablecoin #USDT
	blockNo: "23738698"
	contractAddress: "0xff7b****1b9f44"
	direction: "send"
	from: "0x1429****7f855c"
	to: "0xbb5f****b92f3d"
	tokenName: "USDT"
	tokenSymbol: "USDT"
	txHash: "0x31f7ae****94add132"
	Expenses:FIXME 15.00000000 USDT
	Assets:Crypto:Software:Ethereum:0x1429****7f855c -15.00000000 USDT

2025-11-06 * "0x629a****4c9f58" "USDT Send" #Stablecoin #USDT
	blockNo: "23738869"
	contractAddress: "0xff7b****1b9f44"
	direction: "send"
	from: "0x1429****7f855c"
	to: "0x629a****4c9f58"
	tokenName: "USDT"
	tokenSymbol: "USDT"
	txHash: "0xee510f****4be7a009"
	Expenses:FIXME 807.50000000 USDT
	Assets:Crypto:Software:Ethereum:0x1429****7f855c -807.50000000 USDT

2025-11-06 * "0x7ea4****0ea93e" "USDT Send" #Stablecoin #USDT
	blockNo: "23738873"
	contractAddress: "0xff7b****1b9f44"
	direction: "send"
	from: "0x1429****7f855c"
	to: "0x7ea4****0ea93e"
	tokenName: "USDT"
	tokenSymbol: "USDT"
	txHash: "0x275f3a****e876f312"
	Expenses:FIXME 95.00000000 USDT
	Assets:Crypto:Software:Ethereum:0x1429****7f855c -95.00000000 USDT

2025-11-06 * "0x9e43****c8b744" "0xfe6b****103851 Send"
	blockNo: "23738874"
	contractAddress: "0xd919****fcd283"
	direction: "send"
	from: "0x1429****7f855c"
	to: "0x9e43****c8b744"
	tokenName: "0xfe6b****103851"
	tokenSymbol: "0xfe6b****103851"
	txHash: "0xf9e09a****43a1c937"
	Expenses:FIXME 807.50000000 0xfe6b****103851
	Assets:Crypto:Software:Ethereum:0x1429****7f855c -807.50000000 0xfe6b****103851

2025-11-06 * "0x3e39****e28441" "0xfe6b****103851 Send"
	blockNo: "23738877"
	contractAddress: "0xd919****fcd283"
	direction: "send"
	from: "0x1429****7f855c"
	to: "0x3e39****e28441"
	tokenName: "0xfe6b****103851"
	tokenSymbol: "0xfe6b****103851"
	txHash: "0x2fdadb****446ca039"
	Expenses:FIXME 95.00000000 0xfe6b****103851
	Assets:Crypto:Software:Ethereum:0x1429****7f855c -95.00000000 0xfe6b****103851

2025-11-06 * "0xc38b****1d7497" "USDT Send" #Stablecoin #USDT
	blockNo: "23739036"
	contractAddress: "0xff7b****1b9f44"
	direction: "send"
	from: "0x1429****7f855c"
	to: "0xc38b****1d7497"
	tokenName: "USDT"
	tokenSymbol: "USDT"
	txHash: "0xbee60b****dbaf6dca"
	Expenses:FIXME 50.00000000 USDT
	Assets:Crypto:Software:Ethereum:0x1429****7f855c -50.00000000 USDT

2025-11-06 * "0x1326****0ab020" "USDT Send" #Stablecoin #USDT
	blockNo: "23739036"
	contractAddress: "0xff7b****1b9f44"
	direction: "send"
	from: "0x1429****7f855c"
	to: "0x1326****0ab020"
	tokenName: "USDT"
	tokenSymbol: "USDT"
	txHash: "0xbee60b****dbaf6dca"
	Expenses:FIXME 252.70000000 USDT
	Assets:Crypto:Software:Ethereum:0x1429****7f855c -252.70000000 USDT

2025-11-06 * "0x9d6c****9a2f6d" "0x5c7b****a3c740 Send"
	blockNo: "23739039"
	contractAddress: "0xcac1****a84878"
	direction: "send"
	from: "0x1429****7f855c"
	to: "0x9d6c****9a2f6d"
	tokenName: "0x5c7b****a3c740"
	tokenSymbol: "0x5c7b****a3c740"
	txHash: "0x32d177****9dd7efa2"
	Expenses:FIXME 50.00000000 0x5c7b****a3c740
	Assets:Crypto:Software:Ethereum:0x1429****7f855c -50.00000000 0x5c7b****a3c740

2025-11-06 * "0x3db8****8d3ccd" "0x5c7b****a3c740 Send"
	blockNo: "23739039"
	contractAddress: "0xcac1****a84878"
	direction: "send"
	from: "0x1429****7f855c"
	to: "0x3db8****8d3ccd"
	tokenName: "0x5c7b****a3c740"
	tokenSymbol: "0x5c7b****a3c740"
	txHash: "0x32d177****9dd7efa2"
	Expenses:FIXME 252.70000000 0x5c7b****a3c740
	Assets:Crypto:Software:Ethereum:0x1429****7f855c -252.70000000 0x5c7b****a3c740

2025-11-06 * "0xfd34****756d78" "USDT Send" #Stablecoin #USDT
	blockNo: "23739169"
	contractAddress: "0xff7b****1b9f44"
	direction: "send"
	from: "0x1429****7f855c"
	to: "0xfd34****756d78"
	tokenName: "USDT"
	tokenSymbol: "USDT"
	txHash: "0x250af4****82cfb281"
	Expenses:FIXME 436.05000000 USDT
	Assets:Crypto:Software:Ethereum:0x1429****7f855c -436.05000000 USDT

2025-11-06 * "0xc6c7****c07996" "0x5c7b****a3c740 Send"
	blockNo: "23739174"
	contractAddress: "0xcac1****a84878"
	direction: "send"
	from: "0x1429****7f855c"
	to: "0xc6c7****c07996"
	tokenName: "0x5c7b****a3c740"
	tokenSymbol: "0x5c7b****a3c740"
	txHash: "0xe67925****56265ede"
	Expenses:FIXME 436.05000000 0x5c7b****a3c740
	Assets:Crypto:Software:Ethereum:0x1429****7f855c -436.05000000 0x5c7b****a3c740

2025-11-06 * "0x37aa****606c53" "USDC Send" #Stablecoin #USDC
	blockNo: "23739211"
	contractAddress: "0xcaf2****16e452"
	direction: "send"
	from: "0x1429****7f855c"
	to: "0x37aa****606c53"
	tokenName: "USDC"
	tokenSymbol: "USDC"
	txHash: "0xe6e99c****cff087ee"
	Expenses:FIXME 189.98100100 USDC
	Assets:Crypto:Ethereum:USDC -189.98100100 USDC

2025-11-06 * "0x3352****6aa7ae" "0xe6fa****63212c Send"
	blockNo: "23739218"
	contractAddress: "0x4747****64b426"
	direction: "send"
	from: "0x1429****7f855c"
	to: "0x3352****6aa7ae"
	tokenName: "0xe6fa****63212c"
	tokenSymbol: "0xe6fa****63212c"
	txHash: "0xe8b6b4****a4948832"
	Expenses:FIXME 189.98100100 0xe6fa****63212c
	Assets:Crypto:Software:Ethereum:0x1429****7f855c -189.98100100 0xe6fa****63212c

2025-11-06 * "0x2841****00aea5" "USDT Send" #Stablecoin #USDT
	blockNo: "23739311"
	contractAddress: "0xff7b****1b9f44"
	direction: "send"
	from: "0x1429****7f855c"
	to: "0x2841****00aea5"
	tokenName: "USDT"
	tokenSymbol: "USDT"
	txHash: "0x15a1f2****910e73ba"
	Expenses:FIXME 117.80000000 USDT
	Assets:Crypto:Software:Ethereum:0x1429****7f855c -117.80000000 USDT

2025-11-06 * "0x52fa****00c747" "0x08af****254adc Send"
	blockNo: "23739315"
	contractAddress: "0x3563****ee2753"
	direction: "send"
	from: "0x1429****7f855c"
	to: "0x52fa****00c747"
	tokenName: "0x08af****254adc"
	tokenSymbol: "0x08af****254adc"
	txHash: "0xf736ac****86188086"
	Expenses:FIXME 117.80000000 0x08af****254adc
	Assets:Crypto:Software:Ethereum:0x1429****7f855c -117.80000000 0x08af****254adc

2025-11-06 * "0x744d****20d910" "USDT Send" #Stablecoin #USDT
	blockNo: "23739439"
	contractAddress: "0xff7b****1b9f44"
	direction: "send"
	from: "0x1429****7f855c"
	to: "0x744d****20d910"
	tokenName: "USDT"
	tokenSymbol: "USDT"
	txHash: "0xb08bba****4ed2f31a"
	Expenses:FIXME 19.00000000 USDT
	Assets:Crypto:Software:Ethereum:0x1429****7f855c -19.00000000 USDT

2025-11-06 * "0x37aa****606c53" "USDC Send" #Stablecoin #USDC
	blockNo: "23739442"
	contractAddress: "0xcaf2****16e452"
	direction: "send"
	from: "0x1429****7f855c"
	to: "0x37aa****606c53"
	tokenName: "USDC"
	tokenSymbol: "USDC"
	txHash: "0x1b7fb5****74a80213"
	Expenses:FIXME 35.00000000 USDC
	Assets:Crypto:Ethereum:USDC -35.00000000 USDC

2025-11-06 * "0xc068****97ab9d" "0x08af****254adc Send"
	blockNo: "23739444"
	contractAddress: "0x3563****ee2753"
	direction: "send"
	from: "0x1429****7f855c"
	to: "0xc068****97ab9d"
	tokenName: "0x08af****254adc"
	tokenSymbol: "0x08af****254adc"
	txHash: "0xf33e31****03c3a6ff"
	Expenses:FIXME 19.00000000 0x08af****254adc
	Assets:Crypto:Software:Ethereum:0x1429****7f855c -19.00000000 0x08af****254adc

2025-11-06 * "0x3352****6aa7ae" "0x3bdd****e02245 Send"
	blockNo: "23739445"
	contractAddress: "0xbc61****e12b7b"
	direction: "send"
	from: "0x1429****7f855c"
	to: "0x3352****6aa7ae"
	tokenName: "0x3bdd****e02245"
	tokenSymbol: "0x3bdd****e02245"
	txHash: "0x78a94f****b84e73ef"
	Expenses:FIXME 35.00000000 0x3bdd****e02245
	Assets:Crypto:Software:Ethereum:0x1429****7f855c -35.00000000 0x3bdd****e02245

2025-11-06 * "0x8bfa****0712d7" "USDT Send" #Stablecoin #USDT
	blockNo: "23739505"
	contractAddress: "0xff7b****1b9f44"
	direction: "send"
	from: "0x1429****7f855c"
	to: "0x8bfa****0712d7"
	tokenName: "USDT"
	tokenSymbol: "USDT"
	txHash: "0x39befb****7091db63"
	Expenses:FIXME 403.75000000 USDT
	Assets:Crypto:Software:Ethereum:0x1429****7f855c -403.75000000 USDT

2025-11-06 * "0x6ba0****00067a" "0x08af****254adc Send"
	blockNo: "23739508"
	contractAddress: "0x3563****ee2753"
	direction: "send"
	from: "0x1429****7f855c"
	to: "0x6ba0****00067a"
	tokenName: "0x08af****254adc"
	tokenSymbol: "0x08af****254adc"
	txHash: "0x721477****0739ce2e"
	Expenses:FIXME 403.75000000 0x08af****254adc
	Assets:Crypto:Software:Ethereum:0x1429****7f855c -403.75000000 0x08af****254adc

2025-11-06 * "0x11fe****2f4516" "USDC Send" #Stablecoin #USDC
	blockNo: "23739565"
	contractAddress: "0xcaf2****16e452"
	direction: "send"
	from: "0x1429****7f855c"
	to: "0x11fe****2f4516"
	tokenName: "USDC"
	tokenSymbol: "USDC"
	txHash: "0x83e717****77e814cd"
	Expenses:FIXME 2647.04613700 USDC
	Assets:Crypto:Ethereum:USDC -2647.04613700 USDC

2025-11-06 * "0x6f8f****180bbe" "0x3bdd****e02245 Send"
	blockNo: "23739595"
	contractAddress: "0xbc61****e12b7b"
	direction: "send"
	from: "0x1429****7f855c"
	to: "0x6f8f****180bbe"
	tokenName: "0x3bdd****e02245"
	tokenSymbol: "0x3bdd****e02245"
	txHash: "0x14f0b5****58f99e13"
	Expenses:FIXME 2647.04613700 0x3bdd****e02245
	Assets:Crypto:Software:Ethereum:0x1429****7f855c -2647.04613700 0x3bdd****e02245

2025-11-06 * "0x7d0f****ef8906" "USDC Send" #Stablecoin #USDC
	blockNo: "23739613"
	contractAddress: "0xcaf2****16e452"
	direction: "send"
	from: "0x1429****7f855c"
	to: "0x7d0f****ef8906"
	tokenName: "USDC"
	tokenSymbol: "USDC"
	txHash: "0x6d87b0****eba13408"
	Expenses:FIXME 19000.00000000 USDC
	Assets:Crypto:Ethereum:USDC -19000.00000000 USDC

2025-11-06 * "0xe47e****6cfbd0" "0x6e86****f0bd9e Send"
	blockNo: "23739617"
	contractAddress: "0xcb6f****e63092"
	direction: "send"
	from: "0x1429****7f855c"
	to: "0xe47e****6cfbd0"
	tokenName: "0x6e86****f0bd9e"
	tokenSymbol: "0x6e86****f0bd9e"
	txHash: "0x91906f****74f002eb"
	Expenses:FIXME 19000.00000000 0x6e86****f0bd9e
	Assets:Crypto:Software:Ethereum:0x1429****7f855c -19000.00000000 0x6e86****f0bd9e

2025-11-06 * "0xd393****b5b000" "USDT Receive" #Stablecoin #USDT
	blockNo: "23739619"
	contractAddress: "0xff7b****1b9f44"
	direction: "recv"
	from: "0xd393****b5b000"
	to: "0x1429****7f855c"
	tokenName: "USDT"
	tokenSymbol: "USDT"
	txHash: "0xfc4602****245c0777"
	Assets:Crypto:Software:Ethereum:0x1429****7f855c 49849.71000000 USDT
	Income:Crypto:Transfer -49849.71000000 USDT

2025-11-06 * "0x37d1****a7a6b1" "USDT Send" #Stablecoin #USDT
	blockNo: "23739641"
	contractAddress: "0xff7b****1b9f44"
	direction: "send"
	from: "0x1429****7f855c"
	to: "0x37d1****a7a6b1"
	tokenName: "USDT"
	tokenSymbol: "USDT"
	txHash: "0xea7b57****e94e0cd9"
	Expenses:FIXME 304.00000000 USDT
	Assets:Crypto:Software:Ethereum:0x1429****7f855c -304.00000000 USDT

2025-11-06 * "0x42e9****b24ed5" "USDT Send" #Stablecoin #USDT
	blockNo: "23739641"
	contractAddress: "0xff7b****1b9f44"
	direction: "send"
	from: "0x1429****7f855c"
	to: "0x42e9****b24ed5"
	tokenName: "USDT"
	tokenSymbol: "USDT"
	txHash: "0xea7b57****e94e0cd9"
	Expenses:FIXME 95.00000000 USDT
	Assets:Crypto:Software:Ethereum:0x1429****7f855c -95.00000000 USDT

2025-11-06 * "0x7aca****21986a" "USDT Send" #Stablecoin #USDT
	blockNo: "23739645"
	contractAddress: "0xff7b****1b9f44"
	direction: "send"
	from: "0x1429****7f855c"
	to: "0x7aca****21986a"
	tokenName: "USDT"
	tokenSymbol: "USDT"
	txHash: "0xa5a67d****6c4e14e8"
	Expenses:FIXME 228.00000000 USDT
	Assets:Crypto:Software:Ethereum:0x1429****7f855c -228.00000000 USDT

2025-11-06 * "0x0c22****fe00e7" "USDT Send" #Stablecoin #USDT
	blockNo: "23739645"
	contractAddress: "0xff7b****1b9f44"
	direction: "send"
	from: "0x1429****7f855c"
	to: "0x0c22****fe00e7"
	tokenName: "USDT"
	tokenSymbol: "USDT"
	txHash: "0xa5a67d****6c4e14e8"
	Expenses:FIXME 95.00000000 USDT
	Assets:Crypto:Software:Ethereum:0x1429****7f855c -95.00000000 USDT

2025-11-06 * "0x92ff****581e9e" "0x5220****ba622b Send"
	blockNo: "23739646"
	contractAddress: "0x7920****e17387"
	direction: "send"
	from: "0x1429****7f855c"
	to: "0x92ff****581e9e"
	tokenName: "0x5220****ba622b"
	tokenSymbol: "0x5220****ba622b"
	txHash: "0xc999f0****1b10ea11"
	Expenses:FIXME 304.00000000 0x5220****ba622b
	Assets:Crypto:Software:Ethereum:0x1429****7f855c -304.00000000 0x5220****ba622b

2025-11-06 * "0x8764****43924c" "0x5220****ba622b Send"
	blockNo: "23739673"
	contractAddress: "0x7920****e17387"
	direction: "send"
	from: "0x1429****7f855c"
	to: "0x8764****43924c"
	tokenName: "0x5220****ba622b"
	tokenSymbol: "0x5220****ba622b"
	txHash: "0x821609****24400e81"
	Expenses:FIXME 228.00000000 0x5220****ba622b
	Assets:Crypto:Software:Ethereum:0x1429****7f855c -228.00000000 0x5220****ba622b

2025-11-06 * "0x0272****60fa89" "0x5220****ba622b Send"
	blockNo: "23739683"
	contractAddress: "0x7920****e17387"
	direction: "send"
	from: "0x1429****7f855c"
	to: "0x0272****60fa89"
	tokenName: "0x5220****ba622b"
	tokenSymbol: "0x5220****ba622b"
	txHash: "0x708159****6fc359bf"
	Expenses:FIXME 95.00000000 0x5220****ba622b
	Assets:Crypto:Software:Ethereum:0x1429****7f855c -95.00000000 0x5220****ba622b

2025-11-06 * "0x0e0b****04d394" "0x5220****ba622b Send"
	blockNo: "23739684"
	contractAddress: "0x7920****e17387"
	direction: "send"
	from: "0x1429****7f855c"
	to: "0x0e0b****04d394"
	tokenName: "0x5220****ba622b"
	tokenSymbol: "0x5220****ba622b"
	txHash: "0x1db873****c0067dc0"
	Expenses:FIXME 95.00000000 0x5220****ba622b
	Assets:Crypto:Software:Ethereum:0x1429****7f855c -95.00000000 0x5220****ba622b

2025-11-06 * "0xc6ea****07064a" "USDT Send" #Stablecoin #USDT
	blockNo: "23739689"
	contractAddress: "0xff7b****1b9f44"
	direction: "send"
	from: "0x1429****7f855c"
	to: "0xc6ea****07064a"
	tokenName: "USDT"
	tokenSymbol: "USDT"
	txHash: "0x8026fd****0b1d1b1d"
	Expenses:FIXME 204.25000000 USDT
	Assets:Crypto:Software:Ethereum:0x1429****7f855c -204.25000000 USDT

2025-11-06 * "0xec2f****fe83cf" "USDT Send" #Stablecoin #USDT
	blockNo: "23739689"
	contractAddress: "0xff7b****1b9f44"
	direction: "send"
	from: "0x1429****7f855c"
	to: "0xec2f****fe83cf"
	tokenName: "USDT"
	tokenSymbol: "USDT"
	txHash: "0x8026fd****0b1d1b1d"
	Expenses:FIXME 517.75000000 USDT
	Assets:Crypto:Software:Ethereum:0x1429****7f855c -517.75000000 USDT

2025-11-06 * "0x46ec****0952db" "USDT Send" #Stablecoin #USDT
	blockNo: "23739692"
	contractAddress: "0xff7b****1b9f44"
	direction: "send"
	from: "0x1429****7f855c"
	to: "0x46ec****0952db"
	tokenName: "USDT"
	tokenSymbol: "USDT"
	txHash: "0x859e10****3c290cc5"
	Expenses:FIXME 101.65000000 USDT
	Assets:Crypto:Software:Ethereum:0x1429****7f855c -101.65000000 USDT

2025-11-06 * "0x2ebb****971158" "USDT Send" #Stablecoin #USDT
	blockNo: "23739692"
	contractAddress: "0xff7b****1b9f44"
	direction: "send"
	from: "0x1429****7f855c"
	to: "0x2ebb****971158"
	tokenName: "USDT"
	tokenSymbol: "USDT"
	txHash: "0x859e10****3c290cc5"
	Expenses:FIXME 1698.65320000 USDT
	Assets:Crypto:Software:Ethereum:0x1429****7f855c -1698.65320000 USDT

2025-11-06 * "0x8b2a****331ed9" "0x5220****ba622b Send"
	blockNo: "23739695"
	contractAddress: "0x7920****e17387"
	direction: "send"
	from: "0x1429****7f855c"
	to: "0x8b2a****331ed9"
	tokenName: "0x5220****ba622b"
	tokenSymbol: "0x5220****ba622b"
	txHash: "0xff6db7****d87fb626"
	Expenses:FIXME 517.75000000 0x5220****ba622b
	Assets:Crypto:Software:Ethereum:0x1429****7f855c -517.75000000 0x5220****ba622b

2025-11-06 * "0x5874****d86e05" "USDT Send" #Stablecoin #USDT
	blockNo: "23739695"
	contractAddress: "0xff7b****1b9f44"
	direction: "send"
	from: "0x1429****7f855c"
	to: "0x5874****d86e05"
	tokenName: "USDT"
	tokenSymbol: "USDT"
	txHash: "0x26c4b4****5bf1d948"
	Expenses:FIXME 382.68204000 USDT
	Assets:Crypto:Software:Ethereum:0x1429****7f855c -382.68204000 USDT

2025-11-06 * "0x7ea4****0ea93e" "USDT Send" #Stablecoin #USDT
	blockNo: "23739695"
	contractAddress: "0xff7b****1b9f44"
	direction: "send"
	from: "0x1429****7f855c"
	to: "0x7ea4****0ea93e"
	tokenName: "USDT"
	tokenSymbol: "USDT"
	txHash: "0x26c4b4****5bf1d948"
	Expenses:FIXME 190.00000000 USDT
	Assets:Crypto:Software:Ethereum:0x1429****7f855c -190.00000000 USDT

2025-11-06 * "0x3e39****e28441" "0x5220****ba622b Send"
	blockNo: "23739698"
	contractAddress: "0x7920****e17387"
	direction: "send"
	from: "0x1429****7f855c"
	to: "0x3e39****e28441"
	tokenName: "0x5220****ba622b"
	tokenSymbol: "0x5220****ba622b"
	txHash: "0x517a5f****a9923a8c"
	Expenses:FIXME 190.00000000 0x5220****ba622b
	Assets:Crypto:Software:Ethereum:0x1429****7f855c -190.00000000 0x5220****ba622b

2025-11-06 * "0x1c1a****a76aa0" "0x5220****ba622b Send"
	blockNo: "23739698"
	contractAddress: "0x7920****e17387"
	direction: "send"
	from: "0x1429****7f855c"
	to: "0x1c1a****a76aa0"
	tokenName: "0x5220****ba622b"
	tokenSymbol: "0x5220****ba622b"
	txHash: "0x517a5f****a9923a8c"
	Expenses:FIXME 1698.65320000 0x5220****ba622b
	Assets:Crypto:Software:Ethereum:0x1429****7f855c -1698.65320000 0x5220****ba622b

2025-11-06 * "0x7079****169337" "0x5220****ba622b Send"
	blockNo: "23739701"
	contractAddress: "0x7920****e17387"
	direction: "send"
	from: "0x1429****7f855c"
	to: "0x7079****169337"
	tokenName: "0x5220****ba622b"
	tokenSymbol: "0x5220****ba622b"
	txHash: "0x4c8134****a037abb9"
	Expenses:FIXME 101.65000000 0x5220****ba622b
	Assets:Crypto:Software:Ethereum:0x1429****7f855c -101.65000000 0x5220****ba622b

2025-11-06 * "0xbcd0****85675f" "0x5220****ba622b Send"
	blockNo: "23739703"
	contractAddress: "0x7920****e17387"
	direction: "send"
	from: "0x1429****7f855c"
	to: "0xbcd0****85675f"
	tokenName: "0x5220****ba622b"
	tokenSymbol: "0x5220****ba622b"
	txHash: "0x84dfe3****d7f38f51"
	Expenses:FIXME 382.68204000 0x5220****ba622b
	Assets:Crypto:Software:Ethereum:0x1429****7f855c -382.68204000 0x5220****ba622b

2025-11-06 * "0x176b****353a9a" "USDC Receive" #Stablecoin #USDC
	blockNo: "23739708"
	contractAddress: "0xcaf2****16e452"
	direction: "recv"
	from: "0x176b****353a9a"
	to: "0x1429****7f855c"
	tokenName: "USDC"
	tokenSymbol: "USDC"
	txHash: "0x7f70e9****bad775bd"
	Assets:Crypto:Ethereum:USDC 9994.30607500 USDC
	Income:Crypto:Transfer -9994.30607500 USDC

2025-11-06 * "0x176b****353a9a" "USDT Send" #Stablecoin #USDT
	blockNo: "23739708"
	contractAddress: "0xff7b****1b9f44"
	direction: "send"
	from: "0x1429****7f855c"
	to: "0x176b****353a9a"
	tokenName: "USDT"
	tokenSymbol: "USDT"
	txHash: "0x7f70e9****bad775bd"
	Expenses:FIXME 10000.00000000 USDT
	Assets:Crypto:Software:Ethereum:0x1429****7f855c -10000.00000000 USDT

2025-11-06 * "0x5dfb****e95fe0" "0x5220****ba622b Send"
	blockNo: "23739724"
	contractAddress: "0x7920****e17387"
	direction: "send"
	from: "0x1429****7f855c"
	to: "0x5dfb****e95fe0"
	tokenName: "0x5220****ba622b"
	tokenSymbol: "0x5220****ba622b"
	txHash: "0x123b62****b3dfa823"
	Expenses:FIXME 204.25000000 0x5220****ba622b
	Assets:Crypto:Software:Ethereum:0x1429****7f855c -204.25000000 0x5220****ba622b

2025-11-06 * "0x3b98****92c4fb" "USDT Send" #Stablecoin #USDT
	blockNo: "23739740"
	contractAddress: "0xff7b****1b9f44"
	direction: "send"
	from: "0x1429****7f855c"
	to: "0x3b98****92c4fb"
	tokenName: "USDT"
	tokenSymbol: "USDT"
	txHash: "0xc76bac****a6361e06"
	Expenses:FIXME 294.01550000 USDT
	Assets:Crypto:Software:Ethereum:0x1429****7f855c -294.01550000 USDT

2025-11-06 * "0xaf0f****d10586" "USDT Send" #Stablecoin #USDT
	blockNo: "23739740"
	contractAddress: "0xff7b****1b9f44"
	direction: "send"
	from: "0x1429****7f855c"
	to: "0xaf0f****d10586"
	tokenName: "USDT"
	tokenSymbol: "USDT"
	txHash: "0xc76bac****a6361e06"
	Expenses:FIXME 475.00000000 USDT
	Assets:Crypto:Software:Ethereum:0x1429****7f855c -475.00000000 USDT

2025-11-06 * "0x2a4f****aa925e" "USDT Send" #Stablecoin #USDT
	blockNo: "23739743"
	contractAddress: "0xff7b****1b9f44"
	direction: "send"
	from: "0x1429****7f855c"
	to: "0x2a4f****aa925e"
	tokenName: "USDT"
	tokenSymbol: "USDT"
	txHash: "0x0309a7****1f2e4519"
	Expenses:FIXME 4688.60150000 USDT
	Assets:Crypto:Software:Ethereum:0x1429****7f855c -4688.60150000 USDT

2025-11-06 * "0xf14e****c21823" "USDT Send" #Stablecoin #USDT
	blockNo: "23739743"
	contractAddress: "0xff7b****1b9f44"
	direction: "send"
	from: "0x1429****7f855c"
	to: "0xf14e****c21823"
	tokenName: "USDT"
	tokenSymbol: "USDT"
	txHash: "0x0309a7****1f2e4519"
	Expenses:FIXME 1900.66500000 USDT
	Assets:Crypto:Software:Ethereum:0x1429****7f855c -1900.66500000 USDT

2025-11-06 * "0xf8b3****47a5a3" "0x5220****ba622b Send"
	blockNo: "23739744"
	contractAddress: "0x7920****e17387"
	direction: "send"
	from: "0x1429****7f855c"
	to: "0xf8b3****47a5a3"
	tokenName: "0x5220****ba622b"
	tokenSymbol: "0x5220****ba622b"
	txHash: "0x09024a****2595233d"
	Expenses:FIXME 294.01550000 0x5220****ba622b
	Assets:Crypto:Software:Ethereum:0x1429****7f855c -294.01550000 0x5220****ba622b

2025-11-06 * "0xf207****f87d6b" "USDT Send" #Stablecoin #USDT
	blockNo: "23739746"
	contractAddress: "0xff7b****1b9f44"
	direction: "send"
	from: "0x1429****7f855c"
	to: "0xf207****f87d6b"
	tokenName: "USDT"
	tokenSymbol: "USDT"
	txHash: "0x7fcc72****e03fbf23"
	Expenses:FIXME 1204.41760000 USDT
	Assets:Crypto:Software:Ethereum:0x1429****7f855c -1204.41760000 USDT

2025-11-06 * "0xb07b****0e901d" "USDT Send" #Stablecoin #USDT
	blockNo: "23739746"
	contractAddress: "0xff7b****1b9f44"
	direction: "send"
	from: "0x1429****7f855c"
	to: "0xb07b****0e901d"
	tokenName: "USDT"
	tokenSymbol: "USDT"
	txHash: "0x7fcc72****e03fbf23"
	Expenses:FIXME 455.05000000 USDT
	Assets:Crypto:Software:Ethereum:0x1429****7f855c -455.05000000 USDT

2025-11-06 * "0x9f4e****8e7b42" "0x5220****ba622b Send"
	blockNo: "23739746"
	contractAddress: "0x7920****e17387"
	direction: "send"
	from: "0x1429****7f855c"
	to: "0x9f4e****8e7b42"
	tokenName: "0x5220****ba622b"
	tokenSymbol: "0x5220****ba622b"
	txHash: "0xdc3022****883957f1"
	Expenses:FIXME 4688.60150000 0x5220****ba622b
	Assets:Crypto:Software:Ethereum:0x1429****7f855c -4688.60150000 0x5220****ba622b

2025-11-06 * "0x1a10****6b9a9d" "0x5220****ba622b Send"
	blockNo: "23739746"
	contractAddress: "0x7920****e17387"
	direction: "send"
	from: "0x1429****7f855c"
	to: "0x1a10****6b9a9d"
	tokenName: "0x5220****ba622b"
	tokenSymbol: "0x5220****ba622b"
	txHash: "0xdc3022****883957f1"
	Expenses:FIXME 1900.66500000 0x5220****ba622b
	Assets:Crypto:Software:Ethereum:0x1429****7f855c -1900.66500000 0x5220****ba622b

2025-11-06 * "0x3042****0a8910" "0x5220****ba622b Send"
	blockNo: "23739746"
	contractAddress: "0x7920****e17387"
	direction: "send"
	from: "0x1429****7f855c"
	to: "0x3042****0a8910"
	tokenName: "0x5220****ba622b"
	tokenSymbol: "0x5220****ba622b"
	txHash: "0xdc3022****883957f1"
	Expenses:FIXME 475.00000000 0x5220****ba622b
	Assets:Crypto:Software:Ethereum:0x1429****7f855c -475.00000000 0x5220****ba622b

2025-11-06 * "0xafa2****07a229" "USDT Send" #Stablecoin #USDT
	blockNo: "23739749"
	contractAddress: "0xff7b****1b9f44"
	direction: "send"
	from: "0x1429****7f855c"
	to: "0xafa2****07a229"
	tokenName: "USDT"
	tokenSymbol: "USDT"
	txHash: "0x209833****a52bcfaf"
	Expenses:FIXME 109.25000000 USDT
	Assets:Crypto:Software:Ethereum:0x1429****7f855c -109.25000000 USDT

2025-11-06 * "0xab0d****c94ec2" "0x5220****ba622b Send"
	blockNo: "23739750"
	contractAddress: "0x7920****e17387"
	direction: "send"
	from: "0x1429****7f855c"
	to: "0xab0d****c94ec2"
	tokenName: "0x5220****ba622b"
	tokenSymbol: "0x5220****ba622b"
	txHash: "0xfd31db****8d2c99f6"
	Expenses:FIXME 455.05000000 0x5220****ba622b
	Assets:Crypto:Software:Ethereum:0x1429****7f855c -455.05000000 0x5220****ba622b

2025-11-06 * "0xa2e7****f54113" "0x5220****ba622b Send"
	blockNo: "23739754"
	contractAddress: "0x7920****e17387"
	direction: "send"
	from: "0x1429****7f855c"
	to: "0xa2e7****f54113"
	tokenName: "0x5220****ba622b"
	tokenSymbol: "0x5220****ba622b"
	txHash: "0xf8a135****2a4c1d0f"
	Expenses:FIXME 1204.41760000 0x5220****ba622b
	Assets:Crypto:Software:Ethereum:0x1429****7f855c -1204.41760000 0x5220****ba622b

2025-11-06 * "0xb685****56c4a6" "0x5220****ba622b Send"
	blockNo: "23739770"
	contractAddress: "0x7920****e17387"
	direction: "send"
	from: "0x1429****7f855c"
	to: "0xb685****56c4a6"
	tokenName: "0x5220****ba622b"
	tokenSymbol: "0x5220****ba622b"
	txHash: "0x340af1****eef3a21f"
	Expenses:FIXME 109.25000000 0x5220****ba622b
	Assets:Crypto:Software:Ethereum:0x1429****7f855c -109.25000000 0x5220****ba622b

2025-11-06 * "0x347c****e934bf" "USDT Send" #Stablecoin #USDT
	blockNo: "23739797"
	contractAddress: "0xff7b****1b9f44"
	direction: "send"
	from: "0x1429****7f855c"
	to: "0x347c****e934bf"
	tokenName: "USDT"
	tokenSymbol: "USDT"
	txHash: "0xb6fbc7****249ec5c7"
	Expenses:FIXME 166.25000000 USDT
	Assets:Crypto:Software:Ethereum:0x1429****7f855c -166.25000000 USDT

2025-11-06 * "0x8c6c****1ad02d" "USDT Send" #Stablecoin #USDT
	blockNo: "23739797"
	contractAddress: "0xff7b****1b9f44"
	direction: "send"
	from: "0x1429****7f855c"
	to: "0x8c6c****1ad02d"
	tokenName: "USDT"
	tokenSymbol: "USDT"
	txHash: "0xb6fbc7****249ec5c7"
	Expenses:FIXME 1804.39200000 USDT
	Assets:Crypto:Software:Ethereum:0x1429****7f855c -1804.39200000 USDT

2025-11-06 * "0xc76e****9b90dc" "USDT Send" #Stablecoin #USDT
	blockNo: "23739799"
	contractAddress: "0xff7b****1b9f44"
	direction: "send"
	from: "0x1429****7f855c"
	to: "0xc76e****9b90dc"
	tokenName: "USDT"
	tokenSymbol: "USDT"
	txHash: "0xa96800****f81e74b5"
	Expenses:FIXME 500.44480000 USDT
	Assets:Crypto:Software:Ethereum:0x1429****7f855c -500.44480000 USDT

2025-11-06 * "0x032b****acf2b7" "0x5220****ba622b Send"
	blockNo: "23739801"
	contractAddress: "0x7920****e17387"
	direction: "send"
	from: "0x1429****7f855c"
	to: "0x032b****acf2b7"
	tokenName: "0x5220****ba622b"
	tokenSymbol: "0x5220****ba622b"
	txHash: "0x1691a4****271d5161"
	Expenses:FIXME 166.25000000 0x5220****ba622b
	Assets:Crypto:Software:Ethereum:0x1429****7f855c -166.25000000 0x5220****ba622b

2025-11-06 * "0x3fd7****6460e5" "0x5220****ba622b Send"
	blockNo: "23739801"
	contractAddress: "0x7920****e17387"
	direction: "send"
	from: "0x1429****7f855c"
	to: "0x3fd7****6460e5"
	tokenName: "0x5220****ba622b"
	tokenSymbol: "0x5220****ba622b"
	txHash: "0x1691a4****271d5161"
	Expenses:FIXME 1804.39200000 0x5220****ba622b
	Assets:Crypto:Software:Ethereum:0x1429****7f855c -1804.39200000 0x5220****ba622b

2025-11-06 * "0xb378****f00ae5" "USDT Send" #Stablecoin #USDT
	blockNo: "23739885"
	contractAddress: "0xff7b****1b9f44"
	direction: "send"
	from: "0x1429****7f855c"
	to: "0xb378****f00ae5"
	tokenName: "USDT"
	tokenSymbol: "USDT"
	txHash: "0x30d7ee****7fe05399"
	Expenses:FIXME 1520.00000000 USDT
	Assets:Crypto:Software:Ethereum:0x1429****7f855c -1520.00000000 USDT

2025-11-06 * "0xafbb****105f16" "USDT Send" #Stablecoin #USDT
	blockNo: "23739885"
	contractAddress: "0xff7b****1b9f44"
	direction: "send"
	from: "0x1429****7f855c"
	to: "0xafbb****105f16"
	tokenName: "USDT"
	tokenSymbol: "USDT"
	txHash: "0x30d7ee****7fe05399"
	Expenses:FIXME 2436.49741800 USDT
	Assets:Crypto:Software:Ethereum:0x1429****7f855c -2436.49741800 USDT

2025-11-06 * "0xeae1****265eb3" "0xe571****aa4189 Send"
	blockNo: "23739913"
	contractAddress: "0xea7a****64f552"
	direction: "send"
	from: "0x1429****7f855c"
	to: "0xeae1****265eb3"
	tokenName: "0xe571****aa4189"
	tokenSymbol: "0xe571****aa4189"
	txHash: "0x95ff43****1ee1627e"
	Expenses:FIXME 1520.00000000 0xe571****aa4189
	Assets:Crypto:Software:Ethereum:0x1429****7f855c -1520.00000000 0xe571****aa4189

2025-11-06 * "0xf7a3****1db50c" "0xe571****aa4189 Send"
	blockNo: "23739914"
	contractAddress: "0xea7a****64f552"
	direction: "send"
	from: "0x1429****7f855c"
	to: "0xf7a3****1db50c"
	tokenName: "0xe571****aa4189"
	tokenSymbol: "0xe571****aa4189"
	txHash: "0x4d227c****7ba63202"
	Expenses:FIXME 2436.49741800 0xe571****aa4189
	Assets:Crypto:Software:Ethereum:0x1429****7f855c -2436.49741800 0xe571****aa4189

2025-11-06 * "0x4e6c****a4054a" "USDT Send" #Stablecoin #USDT
	blockNo: "23739978"
	contractAddress: "0xff7b****1b9f44"
	direction: "send"
	from: "0x1429****7f855c"
	to: "0x4e6c****a4054a"
	tokenName: "USDT"
	tokenSymbol: "USDT"
	txHash: "0x7a8309****5a12018e"
	Expenses:FIXME 608.00000000 USDT
	Assets:Crypto:Software:Ethereum:0x1429****7f855c -608.00000000 USDT

2025-11-06 * "0x0d04****0b84d8" "USDT Send" #Stablecoin #USDT
	blockNo: "23739978"
	contractAddress: "0xff7b****1b9f44"
	direction: "send"
	from: "0x1429****7f855c"
	to: "0x0d04****0b84d8"
	tokenName: "USDT"
	tokenSymbol: "USDT"
	txHash: "0x7a8309****5a12018e"
	Expenses:FIXME 45.00000000 USDT
	Assets:Crypto:Software:Ethereum:0x1429****7f855c -45.00000000 USDT

2025-11-06 * "0x20e1****beea64" "USDT Send" #Stablecoin #USDT
	blockNo: "23739980"
	contractAddress: "0xff7b****1b9f44"
	direction: "send"
	from: "0x1429****7f855c"
	to: "0x20e1****beea64"
	tokenName: "USDT"
	tokenSymbol: "USDT"
	txHash: "0xd888db****d5542faf"
	Expenses:FIXME 95.00000000 USDT
	Assets:Crypto:Software:Ethereum:0x1429****7f855c -95.00000000 USDT

2025-11-06 * "0x9ae3****da28f9" "USDT Send" #Stablecoin #USDT
	blockNo: "23739980"
	contractAddress: "0xff7b****1b9f44"
	direction: "send"
	from: "0x1429****7f855c"
	to: "0x9ae3****da28f9"
	tokenName: "USDT"
	tokenSymbol: "USDT"
	txHash: "0xd888db****d5542faf"
	Expenses:FIXME 1216.00000000 USDT
	Assets:Crypto:Software:Ethereum:0x1429****7f855c -1216.00000000 USDT

2025-11-06 * "0xfbe6****7031ed" "0xe571****aa4189 Send"
	blockNo: "23739981"
	contractAddress: "0xea7a****64f552"
	direction: "send"
	from: "0x1429****7f855c"
	to: "0xfbe6****7031ed"
	tokenName: "0xe571****aa4189"
	tokenSymbol: "0xe571****aa4189"
	txHash: "0x915d43****b7b67154"
	Expenses:FIXME 45.00000000 0xe571****aa4189
	Assets:Crypto:Software:Ethereum:0x1429****7f855c -45.00000000 0xe571****aa4189

2025-11-06 * "0x0db9****5939b8" "0xe571****aa4189 Send"
	blockNo: "23739981"
	contractAddress: "0xea7a****64f552"
	direction: "send"
	from: "0x1429****7f855c"
	to: "0x0db9****5939b8"
	tokenName: "0xe571****aa4189"
	tokenSymbol: "0xe571****aa4189"
	txHash: "0x915d43****b7b67154"
	Expenses:FIXME 608.00000000 0xe571****aa4189
	Assets:Crypto:Software:Ethereum:0x1429****7f855c -608.00000000 0xe571****aa4189

2025-11-06 * "0x3eca****b562db" "0xe571****aa4189 Send"
	blockNo: "23739986"
	contractAddress: "0xea7a****64f552"
	direction: "send"
	from: "0x1429****7f855c"
	to: "0x3eca****b562db"
	tokenName: "0xe571****aa4189"
	tokenSymbol: "0xe571****aa4189"
	txHash: "0x761aa3****3952df37"
	Expenses:FIXME 1216.00000000 0xe571****aa4189
	Assets:Crypto:Software:Ethereum:0x1429****7f855c -1216.00000000 0xe571****aa4189

2025-11-06 * "0x14ff****fff5bb" "0xe571****aa4189 Send"
	blockNo: "23740009"
	contractAddress: "0xea7a****64f552"
	direction: "send"
	from: "0x1429****7f855c"
	to: "0x14ff****fff5bb"
	tokenName: "0xe571****aa4189"
	tokenSymbol: "0xe571****aa4189"
	txHash: "0x68d6b3****f8e82a57"
	Expenses:FIXME 95.00000000 0xe571****aa4189
	Assets:Crypto:Software:Ethereum:0x1429****7f855c -95.00000000 0xe571****aa4189

2025-11-06 * "0xeb4c****6e98cf" "USDT Send" #Stablecoin #USDT
	blockNo: "23740090"
	contractAddress: "0xff7b****1b9f44"
	direction: "send"
	from: "0x1429****7f855c"
	to: "0xeb4c****6e98cf"
	tokenName: "USDT"
	tokenSymbol: "USDT"
	txHash: "0xe4f49a****41ac5198"
	Expenses:FIXME 5264.42120000 USDT
	Assets:Crypto:Software:Ethereum:0x1429****7f855c -5264.42120000 USDT

2025-11-06 * "0x58e9****c5abd2" "USDT Send" #Stablecoin #USDT
	blockNo: "23740090"
	contractAddress: "0xff7b****1b9f44"
	direction: "send"
	from: "0x1429****7f855c"
	to: "0x58e9****c5abd2"
	tokenName: "USDT"
	tokenSymbol: "USDT"
	txHash: "0xe4f49a****41ac5198"
	Expenses:FIXME 20.00000000 USDT
	Assets:Crypto:Software:Ethereum:0x1429****7f855c -20.00000000 USDT

2025-11-06 * "0x6562****9da190" "USDT Send" #Stablecoin #USDT
	blockNo: "23740093"
	contractAddress: "0xff7b****1b9f44"
	direction: "send"
	from: "0x1429****7f855c"
	to: "0x6562****9da190"
	tokenName: "USDT"
	tokenSymbol: "USDT"
	txHash: "0x225d95****a8d57953"
	Expenses:FIXME 954.76900000 USDT
	Assets:Crypto:Software:Ethereum:0x1429****7f855c -954.76900000 USDT

2025-11-06 * "0x4038****2dbbc6" "USDT Send" #Stablecoin #USDT
	blockNo: "23740093"
	contractAddress: "0xff7b****1b9f44"
	direction: "send"
	from: "0x1429****7f855c"
	to: "0x4038****2dbbc6"
	tokenName: "USDT"
	tokenSymbol: "USDT"
	txHash: "0x225d95****a8d57953"
	Expenses:FIXME 95.00000000 USDT
	Assets:Crypto:Software:Ethereum:0x1429****7f855c -95.00000000 USDT

2025-11-06 * "0x0866****4bd11b" "0xe571****aa4189 Send"
	blockNo: "23740102"
	contractAddress: "0xea7a****64f552"
	direction: "send"
	from: "0x1429****7f855c"
	to: "0x0866****4bd11b"
	tokenName: "0xe571****aa4189"
	tokenSymbol: "0xe571****aa4189"
	txHash: "0x3c1ada****0c1a5c85"
	Expenses:FIXME 954.76900000 0xe571****aa4189
	Assets:Crypto:Software:Ethereum:0x1429****7f855c -954.76900000 0xe571****aa4189

2025-11-06 * "0xdf9e****bfa7c6" "0xe571****aa4189 Send"
	blockNo: "23740102"
	contractAddress: "0xea7a****64f552"
	direction: "send"
	from: "0x1429****7f855c"
	to: "0xdf9e****bfa7c6"
	tokenName: "0xe571****aa4189"
	tokenSymbol: "0xe571****aa4189"
	txHash: "0x3c1ada****0c1a5c85"
	Expenses:FIXME 95.00000000 0xe571****aa4189
	Assets:Crypto:Software:Ethereum:0x1429****7f855c -95.00000000 0xe571****aa4189

2025-11-06 * "0x3476****d7477f" "0xe571****aa4189 Send"
	blockNo: "23740105"
	contractAddress: "0xea7a****64f552"
	direction: "send"
	from: "0x1429****7f855c"
	to: "0x3476****d7477f"
	tokenName: "0xe571****aa4189"
	tokenSymbol: "0xe571****aa4189"
	txHash: "0x537661****a444ca24"
	Expenses:FIXME 5264.42120000 0xe571****aa4189
	Assets:Crypto:Software:Ethereum:0x1429****7f855c -5264.42120000 0xe571****aa4189

2025-11-06 * "0x6c94****cc8b3a" "0xe571****aa4189 Send"
	blockNo: "23740107"
	contractAddress: "0xea7a****64f552"
	direction: "send"
	from: "0x1429****7f855c"
	to: "0x6c94****cc8b3a"
	tokenName: "0xe571****aa4189"
	tokenSymbol: "0xe571****aa4189"
	txHash: "0x02b346****07131572"
	Expenses:FIXME 20.00000000 0xe571****aa4189
	Assets:Crypto:Software:Ethereum:0x1429****7f855c -20.00000000 0xe571****aa4189

2025-11-06 * "0xa4d2****d9a7fb" "USDT Send" #Stablecoin #USDT
	blockNo: "23740132"
	contractAddress: "0xff7b****1b9f44"
	direction: "send"
	from: "0x1429****7f855c"
	to: "0xa4d2****d9a7fb"
	tokenName: "USDT"
	tokenSymbol: "USDT"
	txHash: "0x581e85****3c619e50"
	Expenses:FIXME 99.75000000 USDT
	Assets:Crypto:Software:Ethereum:0x1429****7f855c -99.75000000 USDT

2025-11-06 * "0x7908****e351d2" "USDT Send" #Stablecoin #USDT
	blockNo: "23740132"
	contractAddress: "0xff7b****1b9f44"
	direction: "send"
	from: "0x1429****7f855c"
	to: "0x7908****e351d2"
	tokenName: "USDT"
	tokenSymbol: "USDT"
	txHash: "0x581e85****3c619e50"
	Expenses:FIXME 285.00000000 USDT
	Assets:Crypto:Software:Ethereum:0x1429****7f855c -285.00000000 USDT

2025-11-06 * "0x4c9e****364a47" "USDT Send" #Stablecoin #USDT
	blockNo: "23740135"
	contractAddress: "0xff7b****1b9f44"
	direction: "send"
	from: "0x1429****7f855c"
	to: "0x4c9e****364a47"
	tokenName: "USDT"
	tokenSymbol: "USDT"
	txHash: "0x2854ee****0e4a98b4"
	Expenses:FIXME 104.50000000 USDT
	Assets:Crypto:Software:Ethereum:0x1429****7f855c -104.50000000 USDT

2025-11-06 * "0xf2c8****964ac0" "0xe571****aa4189 Send"
	blockNo: "23740137"
	contractAddress: "0xea7a****64f552"
	direction: "send"
	from: "0x1429****7f855c"
	to: "0xf2c8****964ac0"
	tokenName: "0xe571****aa4189"
	tokenSymbol: "0xe571****aa4189"
	txHash: "0xf0f0e6****d6a89713"
	Expenses:FIXME 99.75000000 0xe571****aa4189
	Assets:Crypto:Software:Ethereum:0x1429****7f855c -99.75000000 0xe571****aa4189

2025-11-06 * "0xe142****75072e" "0xe571****aa4189 Send"
	blockNo: "23740137"
	contractAddress: "0xea7a****64f552"
	direction: "send"
	from: "0x1429****7f855c"
	to: "0xe142****75072e"
	tokenName: "0xe571****aa4189"
	tokenSymbol: "0xe571****aa4189"
	txHash: "0xf0f0e6****d6a89713"
	Expenses:FIXME 285.00000000 0xe571****aa4189
	Assets:Crypto:Software:Ethereum:0x1429****7f855c -285.00000000 0xe571****aa4189

2025-11-06 * "0x6776****34df60" "0xe571****aa4189 Send"
	blockNo: "23740138"
	contractAddress: "0xea7a****64f552"
	direction: "send"
	from: "0x1429****7f855c"
	to: "0x6776****34df60"
	tokenName: "0xe571****aa4189"
	tokenSymbol: "0xe571****aa4189"
	txHash: "0x44f1d1****639bc726"
	Expenses:FIXME 104.50000000 0xe571****aa4189
	Assets:Crypto:Software:Ethereum:0x1429****7f855c -104.50000000 0xe571****aa4189

2025-11-06 * "0x16bb****7abcc1" "USDT Send" #Stablecoin #USDT
	blockNo: "23740224"
	contractAddress: "0xff7b****1b9f44"
	direction: "send"
	from: "0x1429****7f855c"
	to: "0x16bb****7abcc1"
	tokenName: "USDT"
	tokenSymbol: "USDT"
	txHash: "0x232d08****13c86210"
	Expenses:FIXME 636.50000000 USDT
	Assets:Crypto:Software:Ethereum:0x1429****7f855c -636.50000000 USDT

2025-11-06 * "0xbcad****548d2d" "USDT Send" #Stablecoin #USDT
	blockNo: "23740224"
	contractAddress: "0xff7b****1b9f44"
	direction: "send"
	from: "0x1429****7f855c"
	to: "0xbcad****548d2d"
	tokenName: "USDT"
	tokenSymbol: "USDT"
	txHash: "0x232d08****13c86210"
	Expenses:FIXME 2980.15000000 USDT
	Assets:Crypto:Software:Ethereum:0x1429****7f855c -2980.15000000 USDT

2025-11-06 * "0x3d2a****ecd976" "USDT Send" #Stablecoin #USDT
	blockNo: "23740227"
	contractAddress: "0xff7b****1b9f44"
	direction: "send"
	from: "0x1429****7f855c"
	to: "0x3d2a****ecd976"
	tokenName: "USDT"
	tokenSymbol: "USDT"
	txHash: "0x3139f3****798b6ec2"
	Expenses:FIXME 31.00000000 USDT
	Assets:Crypto:Software:Ethereum:0x1429****7f855c -31.00000000 USDT

2025-11-06 * "0xb259****1ef149" "USDT Send" #Stablecoin #USDT
	blockNo: "23740227"
	contractAddress: "0xff7b****1b9f44"
	direction: "send"
	from: "0x1429****7f855c"
	to: "0xb259****1ef149"
	tokenName: "USDT"
	tokenSymbol: "USDT"
	txHash: "0x3139f3****798b6ec2"
	Expenses:FIXME 1520.00000000 USDT
	Assets:Crypto:Software:Ethereum:0x1429****7f855c -1520.00000000 USDT

2025-11-06 * "0xea27****33dc7e" "0x640a****c6faaa Send"
	blockNo: "23740227"
	contractAddress: "0x565b****f636ae"
	direction: "send"
	from: "0x1429****7f855c"
	to: "0xea27****33dc7e"
	tokenName: "0x640a****c6faaa"
	tokenSymbol: "0x640a****c6faaa"
	txHash: "0x68365c****9279f553"
	Expenses:FIXME 636.50000000 0x640a****c6faaa
	Assets:Crypto:Software:Ethereum:0x1429****7f855c -636.50000000 0x640a****c6faaa

2025-11-06 * "0x9d93****f7f410" "USDT Send" #Stablecoin #USDT
	blockNo: "23740230"
	contractAddress: "0xff7b****1b9f44"
	direction: "send"
	from: "0x1429****7f855c"
	to: "0x9d93****f7f410"
	tokenName: "USDT"
	tokenSymbol: "USDT"
	txHash: "0x37ae70****e2db7938"
	Expenses:FIXME 971.85000000 USDT
	Assets:Crypto:Software:Ethereum:0x1429****7f855c -971.85000000 USDT

2025-11-06 * "0x3adf****3a6d8f" "0x640a****c6faaa Send"
	blockNo: "23740230"
	contractAddress: "0x565b****f636ae"
	direction: "send"
	from: "0x1429****7f855c"
	to: "0x3adf****3a6d8f"
	tokenName: "0x640a****c6faaa"
	tokenSymbol: "0x640a****c6faaa"
	txHash: "0x26ccb1****7ef72d1c"
	Expenses:FIXME 1520.00000000 0x640a****c6faaa
	Assets:Crypto:Software:Ethereum:0x1429****7f855c -1520.00000000 0x640a****c6faaa

2025-11-06 * "0xb859****c260df" "USDT Send" #Stablecoin #USDT
	blockNo: "23740230"
	contractAddress: "0xff7b****1b9f44"
	direction: "send"
	from: "0x1429****7f855c"
	to: "0xb859****c260df"
	tokenName: "USDT"
	tokenSymbol: "USDT"
	txHash: "0x37ae70****e2db7938"
	Expenses:FIXME 1092.50000000 USDT
	Assets:Crypto:Software:Ethereum:0x1429****7f855c -1092.50000000 USDT

2025-11-06 * "0xa825****62c383" "0x640a****c6faaa Send"
	blockNo: "23740230"
	contractAddress: "0x565b****f636ae"
	direction: "send"
	from: "0x1429****7f855c"
	to: "0xa825****62c383"
	tokenName: "0x640a****c6faaa"
	tokenSymbol: "0x640a****c6faaa"
	txHash: "0x26ccb1****7ef72d1c"
	Expenses:FIXME 31.00000000 0x640a****c6faaa
	Assets:Crypto:Software:Ethereum:0x1429****7f855c -31.00000000 0x640a****c6faaa

2025-11-06 * "0x542c****dac36e" "USDT Send" #Stablecoin #USDT
	blockNo: "23740232"
	contractAddress: "0xff7b****1b9f44"
	direction: "send"
	from: "0x1429****7f855c"
	to: "0x542c****dac36e"
	tokenName: "USDT"
	tokenSymbol: "USDT"
	txHash: "0x15b319****5f329e81"
	Expenses:FIXME 104.50000000 USDT
	Assets:Crypto:Software:Ethereum:0x1429****7f855c -104.50000000 USDT

2025-11-06 * "0x0eaf****1045e1" "0x640a****c6faaa Send"
	blockNo: "23740244"
	contractAddress: "0x565b****f636ae"
	direction: "send"
	from: "0x1429****7f855c"
	to: "0x0eaf****1045e1"
	tokenName: "0x640a****c6faaa"
	tokenSymbol: "0x640a****c6faaa"
	txHash: "0x217796****ac0de3be"
	Expenses:FIXME 1092.50000000 0x640a****c6faaa
	Assets:Crypto:Software:Ethereum:0x1429****7f855c -1092.50000000 0x640a****c6faaa

2025-11-06 * "0x4d04****2b65b4" "0x640a****c6faaa Send"
	blockNo: "23740246"
	contractAddress: "0x565b****f636ae"
	direction: "send"
	from: "0x1429****7f855c"
	to: "0x4d04****2b65b4"
	tokenName: "0x640a****c6faaa"
	tokenSymbol: "0x640a****c6faaa"
	txHash: "0x1c923a****fe019628"
	Expenses:FIXME 971.85000000 0x640a****c6faaa
	Assets:Crypto:Software:Ethereum:0x1429****7f855c -971.85000000 0x640a****c6faaa

2025-11-06 * "0x46c9****cd9fbe" "0x640a****c6faaa Send"
	blockNo: "23740247"
	contractAddress: "0x565b****f636ae"
	direction: "send"
	from: "0x1429****7f855c"
	to: "0x46c9****cd9fbe"
	tokenName: "0x640a****c6faaa"
	tokenSymbol: "0x640a****c6faaa"
	txHash: "0x9f3aa1****9b9394df"
	Expenses:FIXME 2980.15000000 0x640a****c6faaa
	Assets:Crypto:Software:Ethereum:0x1429****7f855c -2980.15000000 0x640a****c6faaa

2025-11-06 * "0xb6cd****3739b9" "0x640a****c6faaa Send"
	blockNo: "23740248"
	contractAddress: "0x565b****f636ae"
	direction: "send"
	from: "0x1429****7f855c"
	to: "0xb6cd****3739b9"
	tokenName: "0x640a****c6faaa"
	tokenSymbol: "0x640a****c6faaa"
	txHash: "0x7ddfa0****6f1337a0"
	Expenses:FIXME 104.50000000 0x640a****c6faaa
	Assets:Crypto:Software:Ethereum:0x1429****7f855c -104.50000000 0x640a****c6faaa

2025-11-06 * "0xcdde****2f05ba" "USDC Send" #Stablecoin #USDC
	blockNo: "23740312"
	contractAddress: "0xcaf2****16e452"
	direction: "send"
	from: "0x1429****7f855c"
	to: "0xcdde****2f05ba"
	tokenName: "USDC"
	tokenSymbol: "USDC"
	txHash: "0xba2d62****84ddb505"
	Expenses:FIXME 450.25497000 USDC
	Assets:Crypto:Ethereum:USDC -450.25497000 USDC

2025-11-06 * "0x775f****2cc1d4" "0xec3d****c3e09a Send"
	blockNo: "23740316"
	contractAddress: "0x2a63****0785af"
	direction: "send"
	from: "0x1429****7f855c"
	to: "0x775f****2cc1d4"
	tokenName: "0xec3d****c3e09a"
	tokenSymbol: "0xec3d****c3e09a"
	txHash: "0xf65ef3****bcf78b03"
	Expenses:FIXME 450.25497000 0xec3d****c3e09a
	Assets:Crypto:Software:Ethereum:0x1429****7f855c -450.25497000 0xec3d****c3e09a

2025-11-06 * "0x87ed****f9a38c" "USDT Send" #Stablecoin #USDT
	blockNo: "23740320"
	contractAddress: "0xff7b****1b9f44"
	direction: "send"
	from: "0x1429****7f855c"
	to: "0x87ed****f9a38c"
	tokenName: "USDT"
	tokenSymbol: "USDT"
	txHash: "0x542924****ee386c2d"
	Expenses:FIXME 30.00000000 USDT
	Assets:Crypto:Software:Ethereum:0x1429****7f855c -30.00000000 USDT

2025-11-06 * "0x9e36****ca291a" "USDT Send" #Stablecoin #USDT
	blockNo: "23740320"
	contractAddress: "0xff7b****1b9f44"
	direction: "send"
	from: "0x1429****7f855c"
	to: "0x9e36****ca291a"
	tokenName: "USDT"
	tokenSymbol: "USDT"
	txHash: "0x542924****ee386c2d"
	Expenses:FIXME 141.55000000 USDT
	Assets:Crypto:Software:Ethereum:0x1429****7f855c -141.55000000 USDT

2025-11-06 * "0xc579****dba35a" "USDT Send" #Stablecoin #USDT
	blockNo: "23740323"
	contractAddress: "0xff7b****1b9f44"
	direction: "send"
	from: "0x1429****7f855c"
	to: "0xc579****dba35a"
	tokenName: "USDT"
	tokenSymbol: "USDT"
	txHash: "0x79b607****ebdb7aed"
	Expenses:FIXME 15.00000000 USDT
	Assets:Crypto:Software:Ethereum:0x1429****7f855c -15.00000000 USDT

2025-11-06 * "0x2ecc****a4ba08" "USDT Send" #Stablecoin #USDT
	blockNo: "23740323"
	contractAddress: "0xff7b****1b9f44"
	direction: "send"
	from: "0x1429****7f855c"
	to: "0x2ecc****a4ba08"
	tokenName: "USDT"
	tokenSymbol: "USDT"
	txHash: "0x79b607****ebdb7aed"
	Expenses:FIXME 1030.75000000 USDT
	Assets:Crypto:Software:Ethereum:0x1429****7f855c -1030.75000000 USDT

2025-11-06 * "0x52d3****c5612d" "0x640a****c6faaa Send"
	blockNo: "23740324"
	contractAddress: "0x565b****f636ae"
	direction: "send"
	from: "0x1429****7f855c"
	to: "0x52d3****c5612d"
	tokenName: "0x640a****c6faaa"
	tokenSymbol: "0x640a****c6faaa"
	txHash: "0x1f2172****279aa336"
	Expenses:FIXME 30.00000000 0x640a****c6faaa
	Assets:Crypto:Software:Ethereum:0x1429****7f855c -30.00000000 0x640a****c6faaa

2025-11-06 * "0x94ab****e82307" "USDT Send" #Stablecoin #USDT
	blockNo: "23740325"
	contractAddress: "0xff7b****1b9f44"
	direction: "send"
	from: "0x1429****7f855c"
	to: "0x94ab****e82307"
	tokenName: "USDT"
	tokenSymbol: "USDT"
	txHash: "0x3859b0****851c7715"
	Expenses:FIXME 291.04960000 USDT
	Assets:Crypto:Software:Ethereum:0x1429****7f855c -291.04960000 USDT

2025-11-06 * "0xeb2a****cd809f" "0x640a****c6faaa Send"
	blockNo: "23740327"
	contractAddress: "0x565b****f636ae"
	direction: "send"
	from: "0x1429****7f855c"
	to: "0xeb2a****cd809f"
	tokenName: "0x640a****c6faaa"
	tokenSymbol: "0x640a****c6faaa"
	txHash: "0x2acab5****9894b4e6"
	Expenses:FIXME 1030.75000000 0x640a****c6faaa
	Assets:Crypto:Software:Ethereum:0x1429****7f855c -1030.75000000 0x640a****c6faaa

2025-11-06 * "0x83f3****ada806" "0x640a****c6faaa Send"
	blockNo: "23740329"
	contractAddress: "0x565b****f636ae"
	direction: "send"
	from: "0x1429****7f855c"
	to: "0x83f3****ada806"
	tokenName: "0x640a****c6faaa"
	tokenSymbol: "0x640a****c6faaa"
	txHash: "0x6bafe7****5675475c"
	Expenses:FIXME 15.00000000 0x640a****c6faaa
	Assets:Crypto:Software:Ethereum:0x1429****7f855c -15.00000000 0x640a****c6faaa

2025-11-06 * "0xeea2****583f22" "0x640a****c6faaa Send"
	blockNo: "23740331"
	contractAddress: "0x565b****f636ae"
	direction: "send"
	from: "0x1429****7f855c"
	to: "0xeea2****583f22"
	tokenName: "0x640a****c6faaa"
	tokenSymbol: "0x640a****c6faaa"
	txHash: "0x37525e****31130ca4"
	Expenses:FIXME 291.04960000 0x640a****c6faaa
	Assets:Crypto:Software:Ethereum:0x1429****7f855c -291.04960000 0x640a****c6faaa

2025-11-06 * "0x15e2****739be5" "0x640a****c6faaa Send"
	blockNo: "23740335"
	contractAddress: "0x565b****f636ae"
	direction: "send"
	from: "0x1429****7f855c"
	to: "0x15e2****739be5"
	tokenName: "0x640a****c6faaa"
	tokenSymbol: "0x640a****c6faaa"
	txHash: "0x2f553f****99e3ba11"
	Expenses:FIXME 141.55000000 0x640a****c6faaa
	Assets:Crypto:Software:Ethereum:0x1429****7f855c -141.55000000 0x640a****c6faaa

2025-11-06 * "0x9079****bad11d" "USDT Send" #Stablecoin #USDT
	blockNo: "23740416"
	contractAddress: "0xff7b****1b9f44"
	direction: "send"
	from: "0x1429****7f855c"
	to: "0x9079****bad11d"
	tokenName: "USDT"
	tokenSymbol: "USDT"
	txHash: "0x298b60****8e83f5e7"
	Expenses:FIXME 1025.27800000 USDT
	Assets:Crypto:Software:Ethereum:0x1429****7f855c -1025.27800000 USDT

2025-11-06 * "0x3484****76491d" "0x640a****c6faaa Send"
	blockNo: "23740424"
	contractAddress: "0x565b****f636ae"
	direction: "send"
	from: "0x1429****7f855c"
	to: "0x3484****76491d"
	tokenName: "0x640a****c6faaa"
	tokenSymbol: "0x640a****c6faaa"
	txHash: "0x3309f5****8f97d009"
	Expenses:FIXME 1025.27800000 0x640a****c6faaa
	Assets:Crypto:Software:Ethereum:0x1429****7f855c -1025.27800000 0x640a****c6faaa

2025-11-06 * "0xbb91****8d0d1e" "USDT Send" #Stablecoin #USDT
	blockNo: "23740506"
	contractAddress: "0xff7b****1b9f44"
	direction: "send"
	from: "0x1429****7f855c"
	to: "0xbb91****8d0d1e"
	tokenName: "USDT"
	tokenSymbol: "USDT"
	txHash: "0x568b82****e856de32"
	Expenses:FIXME 152.00000000 USDT
	Assets:Crypto:Software:Ethereum:0x1429****7f855c -152.00000000 USDT

2025-11-06 * "0x21d4****5ca079" "USDT Send" #Stablecoin #USDT
	blockNo: "23740506"
	contractAddress: "0xff7b****1b9f44"
	direction: "send"
	from: "0x1429****7f855c"
	to: "0x21d4****5ca079"
	tokenName: "USDT"
	tokenSymbol: "USDT"
	txHash: "0x568b82****e856de32"
	Expenses:FIXME 15.00000000 USDT
	Assets:Crypto:Software:Ethereum:0x1429****7f855c -15.00000000 USDT

2025-11-06 * "0x91fd****7cbb89" "USDT Send" #Stablecoin #USDT
	blockNo: "23740509"
	contractAddress: "0xff7b****1b9f44"
	direction: "send"
	from: "0x1429****7f855c"
	to: "0x91fd****7cbb89"
	tokenName: "USDT"
	tokenSymbol: "USDT"
	txHash: "0x5d1f44****e87726da"
	Expenses:FIXME 570.00000000 USDT
	Assets:Crypto:Software:Ethereum:0x1429****7f855c -570.00000000 USDT

2025-11-06 * "0x628f****94e7ea" "USDT Send" #Stablecoin #USDT
	blockNo: "23740509"
	contractAddress: "0xff7b****1b9f44"
	direction: "send"
	from: "0x1429****7f855c"
	to: "0x628f****94e7ea"
	tokenName: "USDT"
	tokenSymbol: "USDT"
	txHash: "0x5d1f44****e87726da"
	Expenses:FIXME 648.45100000 USDT
	Assets:Crypto:Software:Ethereum:0x1429****7f855c -648.45100000 USDT

2025-11-06 * "0x3602****48f24d" "USDT Send" #Stablecoin #USDT
	blockNo: "23740512"
	contractAddress: "0xff7b****1b9f44"
	direction: "send"
	from: "0x1429****7f855c"
	to: "0x3602****48f24d"
	tokenName: "USDT"
	tokenSymbol: "USDT"
	txHash: "0xe64491****d5d7efc6"
	Expenses:FIXME 45.00000000 USDT
	Assets:Crypto:Software:Ethereum:0x1429****7f855c -45.00000000 USDT

2025-11-06 * "0x5d8e****a95951" "USDT Send" #Stablecoin #USDT
	blockNo: "23740512"
	contractAddress: "0xff7b****1b9f44"
	direction: "send"
	from: "0x1429****7f855c"
	to: "0x5d8e****a95951"
	tokenName: "USDT"
	tokenSymbol: "USDT"
	txHash: "0xe64491****d5d7efc6"
	Expenses:FIXME 2314.56100000 USDT
	Assets:Crypto:Software:Ethereum:0x1429****7f855c -2314.56100000 USDT

2025-11-06 * "0xcb07****9bd6ef" "0x5f99****b54787 Send"
	blockNo: "23740512"
	contractAddress: "0x114a****3f899c"
	direction: "send"
	from: "0x1429****7f855c"
	to: "0xcb07****9bd6ef"
	tokenName: "0x5f99****b54787"
	tokenSymbol: "0x5f99****b54787"
	txHash: "0x702ff5****5b83729c"
	Expenses:FIXME 15.00000000 0x5f99****b54787
	Assets:Crypto:Software:Ethereum:0x1429****7f855c -15.00000000 0x5f99****b54787

2025-11-06 * "0x52de****460a48" "USDT Send" #Stablecoin #USDT
	blockNo: "23740514"
	contractAddress: "0xff7b****1b9f44"
	direction: "send"
	from: "0x1429****7f855c"
	to: "0x52de****460a48"
	tokenName: "USDT"
	tokenSymbol: "USDT"
	txHash: "0x19b276****3dbad3b0"
	Expenses:FIXME 218.50000000 USDT
	Assets:Crypto:Software:Ethereum:0x1429****7f855c -218.50000000 USDT

2025-11-06 * "0xd5a3****61c39a" "USDT Send" #Stablecoin #USDT
	blockNo: "23740514"
	contractAddress: "0xff7b****1b9f44"
	direction: "send"
	from: "0x1429****7f855c"
	to: "0xd5a3****61c39a"
	tokenName: "USDT"
	tokenSymbol: "USDT"
	txHash: "0x19b276****3dbad3b0"
	Expenses:FIXME 1905.92453300 USDT
	Assets:Crypto:Software:Ethereum:0x1429****7f855c -1905.92453300 USDT

2025-11-06 * "0x4d83****b4c723" "0x5f99****b54787 Send"
	blockNo: "23740515"
	contractAddress: "0x114a****3f899c"
	direction: "send"
	from: "0x1429****7f855c"
	to: "0x4d83****b4c723"
	tokenName: "0x5f99****b54787"
	tokenSymbol: "0x5f99****b54787"
	txHash: "0xc7dcd2****385ce36f"
	Expenses:FIXME 45.00000000 0x5f99****b54787
	Assets:Crypto:Software:Ethereum:0x1429****7f855c -45.00000000 0x5f99****b54787

2025-11-06 * "0xf2ef****4e1968" "0x5f99****b54787 Send"
	blockNo: "23740516"
	contractAddress: "0x114a****3f899c"
	direction: "send"
	from: "0x1429****7f855c"
	to: "0xf2ef****4e1968"
	tokenName: "0x5f99****b54787"
	tokenSymbol: "0x5f99****b54787"
	txHash: "0x4cd6aa****ea88bf80"
	Expenses:FIXME 152.00000000 0x5f99****b54787
	Assets:Crypto:Software:Ethereum:0x1429****7f855c -152.00000000 0x5f99****b54787

2025-11-06 * "0x58c5****5ed015" "0x5f99****b54787 Send"
	blockNo: "23740517"
	contractAddress: "0x114a****3f899c"
	direction: "send"
	from: "0x1429****7f855c"
	to: "0x58c5****5ed015"
	tokenName: "0x5f99****b54787"
	tokenSymbol: "0x5f99****b54787"
	txHash: "0x5f2e55****f39cdc0e"
	Expenses:FIXME 218.50000000 0x5f99****b54787
	Assets:Crypto:Software:Ethereum:0x1429****7f855c -218.50000000 0x5f99****b54787

2025-11-06 * "0xd2b6****e2e178" "0x5f99****b54787 Send"
	blockNo: "23740517"
	contractAddress: "0x114a****3f899c"
	direction: "send"
	from: "0x1429****7f855c"
	to: "0xd2b6****e2e178"
	tokenName: "0x5f99****b54787"
	tokenSymbol: "0x5f99****b54787"
	txHash: "0x5f2e55****f39cdc0e"
	Expenses:FIXME 570.00000000 0x5f99****b54787
	Assets:Crypto:Software:Ethereum:0x1429****7f855c -570.00000000 0x5f99****b54787

2025-11-06 * "0x771d****379e74" "USDT Send" #Stablecoin #USDT
	blockNo: "23740517"
	contractAddress: "0xff7b****1b9f44"
	direction: "send"
	from: "0x1429****7f855c"
	to: "0x771d****379e74"
	tokenName: "USDT"
	tokenSymbol: "USDT"
	txHash: "0x1a033c****af17e6d9"
	Expenses:FIXME 114.00000000 USDT
	Assets:Crypto:Software:Ethereum:0x1429****7f855c -114.00000000 USDT

2025-11-06 * "0x2aa2****f232a3" "USDT Send" #Stablecoin #USDT
	blockNo: "23740517"
	contractAddress: "0xff7b****1b9f44"
	direction: "send"
	from: "0x1429****7f855c"
	to: "0x2aa2****f232a3"
	tokenName: "USDT"
	tokenSymbol: "USDT"
	txHash: "0x1a033c****af17e6d9"
	Expenses:FIXME 494.00000000 USDT
	Assets:Crypto:Software:Ethereum:0x1429****7f855c -494.00000000 USDT

2025-11-06 * "0xab90****c9387f" "0x5f99****b54787 Send"
	blockNo: "23740517"
	contractAddress: "0x114a****3f899c"
	direction: "send"
	from: "0x1429****7f855c"
	to: "0xab90****c9387f"
	tokenName: "0x5f99****b54787"
	tokenSymbol: "0x5f99****b54787"
	txHash: "0x5f2e55****f39cdc0e"
	Expenses:FIXME 2314.56100000 0x5f99****b54787
	Assets:Crypto:Software:Ethereum:0x1429****7f855c -2314.56100000 0x5f99****b54787

2025-11-06 * "0x4011****92b654" "0x5f99****b54787 Send"
	blockNo: "23740520"
	contractAddress: "0x114a****3f899c"
	direction: "send"
	from: "0x1429****7f855c"
	to: "0x4011****92b654"
	tokenName: "0x5f99****b54787"
	tokenSymbol: "0x5f99****b54787"
	txHash: "0xdde416****da66e3b3"
	Expenses:FIXME 494.00000000 0x5f99****b54787
	Assets:Crypto:Software:Ethereum:0x1429****7f855c -494.00000000 0x5f99****b54787

2025-11-06 * "0x0183****163437" "USDT Send" #Stablecoin #USDT
	blockNo: "23740522"
	contractAddress: "0xff7b****1b9f44"
	direction: "send"
	from: "0x1429****7f855c"
	to: "0x0183****163437"
	tokenName: "USDT"
	tokenSymbol: "USDT"
	txHash: "0xc27b55****e79455de"
	Expenses:FIXME 45.00000000 USDT
	Assets:Crypto:Software:Ethereum:0x1429****7f855c -45.00000000 USDT

2025-11-06 * "0x70b6****5c83be" "USDT Send" #Stablecoin #USDT
	blockNo: "23740522"
	contractAddress: "0xff7b****1b9f44"
	direction: "send"
	from: "0x1429****7f855c"
	to: "0x70b6****5c83be"
	tokenName: "USDT"
	tokenSymbol: "USDT"
	txHash: "0xc27b55****e79455de"
	Expenses:FIXME 413.25000000 USDT
	Assets:Crypto:Software:Ethereum:0x1429****7f855c -413.25000000 USDT

2025-11-06 * "0x8d58****9d8d43" "USDT Send" #Stablecoin #USDT
	blockNo: "23740524"
	contractAddress: "0xff7b****1b9f44"
	direction: "send"
	from: "0x1429****7f855c"
	to: "0x8d58****9d8d43"
	tokenName: "USDT"
	tokenSymbol: "USDT"
	txHash: "0xdfcbf4****04b11427"
	Expenses:FIXME 1015.52150000 USDT
	Assets:Crypto:Software:Ethereum:0x1429****7f855c -1015.52150000 USDT

2025-11-06 * "0xbb96****2f7f5c" "0x5f99****b54787 Send"
	blockNo: "23740525"
	contractAddress: "0x114a****3f899c"
	direction: "send"
	from: "0x1429****7f855c"
	to: "0xbb96****2f7f5c"
	tokenName: "0x5f99****b54787"
	tokenSymbol: "0x5f99****b54787"
	txHash: "0x7747e3****3d52519e"
	Expenses:FIXME 114.00000000 0x5f99****b54787
	Assets:Crypto:Software:Ethereum:0x1429****7f855c -114.00000000 0x5f99****b54787

2025-11-06 * "0xe04b****8b2960" "0x5f99****b54787 Send"
	blockNo: "23740529"
	contractAddress: "0x114a****3f899c"
	direction: "send"
	from: "0x1429****7f855c"
	to: "0xe04b****8b2960"
	tokenName: "0x5f99****b54787"
	tokenSymbol: "0x5f99****b54787"
	txHash: "0x486d7c****998eb031"
	Expenses:FIXME 1015.52150000 0x5f99****b54787
	Assets:Crypto:Software:Ethereum:0x1429****7f855c -1015.52150000 0x5f99****b54787

2025-11-06 * "0xa49e****8553c4" "0x5f99****b54787 Send"
	blockNo: "23740544"
	contractAddress: "0x114a****3f899c"
	direction: "send"
	from: "0x1429****7f855c"
	to: "0xa49e****8553c4"
	tokenName: "0x5f99****b54787"
	tokenSymbol: "0x5f99****b54787"
	txHash: "0xe1d551****c0ac0da9"
	Expenses:FIXME 45.00000000 0x5f99****b54787
	Assets:Crypto:Software:Ethereum:0x1429****7f855c -45.00000000 0x5f99****b54787

2025-11-06 * "0x4508****7f9c67" "0x5f99****b54787 Send"
	blockNo: "23740548"
	contractAddress: "0x114a****3f899c"
	direction: "send"
	from: "0x1429****7f855c"
	to: "0x4508****7f9c67"
	tokenName: "0x5f99****b54787"
	tokenSymbol: "0x5f99****b54787"
	txHash: "0xbe645d****d7f05887"
	Expenses:FIXME 413.25000000 0x5f99****b54787
	Assets:Crypto:Software:Ethereum:0x1429****7f855c -413.25000000 0x5f99****b54787

2025-11-06 * "0xa86f****c4e3c7" "0x5f99****b54787 Send"
	blockNo: "23740552"
	contractAddress: "0x114a****3f899c"
	direction: "send"
	from: "0x1429****7f855c"
	to: "0xa86f****c4e3c7"
	tokenName: "0x5f99****b54787"
	tokenSymbol: "0x5f99****b54787"
	txHash: "0xb4f1ae****6ec67d60"
	Expenses:FIXME 1905.92453300 0x5f99****b54787
	Assets:Crypto:Software:Ethereum:0x1429****7f855c -1905.92453300 0x5f99****b54787

2025-11-06 * "0xe8a3****884079" "0x5f99****b54787 Send"
	blockNo: "23740554"
	contractAddress: "0x114a****3f899c"
	direction: "send"
	from: "0x1429****7f855c"
	to: "0xe8a3****884079"
	tokenName: "0x5f99****b54787"
	tokenSymbol: "0x5f99****b54787"
	txHash: "0xde5e83****7dc31297"
	Expenses:FIXME 648.45100000 0x5f99****b54787
	Assets:Crypto:Software:Ethereum:0x1429****7f855c -648.45100000 0x5f99****b54787

2025-11-06 * "0xaae5****c32402" "USDT Send" #Stablecoin #USDT
	blockNo: "23740645"
	contractAddress: "0xff7b****1b9f44"
	direction: "send"
	from: "0x1429****7f855c"
	to: "0xaae5****c32402"
	tokenName: "USDT"
	tokenSymbol: "USDT"
	txHash: "0x062439****37c7f0d6"
	Expenses:FIXME 311.02050000 USDT
	Assets:Crypto:Software:Ethereum:0x1429****7f855c -311.02050000 USDT

2025-11-06 * "0x0c66****0c1a3c" "USDT Send" #Stablecoin #USDT
	blockNo: "23740647"
	contractAddress: "0xff7b****1b9f44"
	direction: "send"
	from: "0x1429****7f855c"
	to: "0x0c66****0c1a3c"
	tokenName: "USDT"
	tokenSymbol: "USDT"
	txHash: "0x422c03****1bb75478"
	Expenses:FIXME 63.00000000 USDT
	Assets:Crypto:Software:Ethereum:0x1429****7f855c -63.00000000 USDT

2025-11-06 * "0x3401****28d2ee" "0x5f99****b54787 Send"
	blockNo: "23740648"
	contractAddress: "0x114a****3f899c"
	direction: "send"
	from: "0x1429****7f855c"
	to: "0x3401****28d2ee"
	tokenName: "0x5f99****b54787"
	tokenSymbol: "0x5f99****b54787"
	txHash: "0x9ca6c0****2da213df"
	Expenses:FIXME 311.02050000 0x5f99****b54787
	Assets:Crypto:Software:Ethereum:0x1429****7f855c -311.02050000 0x5f99****b54787

2025-11-06 * "0xfe0f****4376f7" "USDT Send" #Stablecoin #USDT
	blockNo: "23740649"
	contractAddress: "0xff7b****1b9f44"
	direction: "send"
	from: "0x1429****7f855c"
	to: "0xfe0f****4376f7"
	tokenName: "USDT"
	tokenSymbol: "USDT"
	txHash: "0x452bb2****fe165f11"
	Expenses:FIXME 380.00000000 USDT
	Assets:Crypto:Software:Ethereum:0x1429****7f855c -380.00000000 USDT

2025-11-06 * "0xfd5c****c4cf39" "0x5f99****b54787 Send"
	blockNo: "23740650"
	contractAddress: "0x114a****3f899c"
	direction: "send"
	from: "0x1429****7f855c"
	to: "0xfd5c****c4cf39"
	tokenName: "0x5f99****b54787"
	tokenSymbol: "0x5f99****b54787"
	txHash: "0xc86959****9bdd91b2"
	Expenses:FIXME 63.00000000 0x5f99****b54787
	Assets:Crypto:Software:Ethereum:0x1429****7f855c -63.00000000 0x5f99****b54787

2025-11-06 * "0x1220****5ffe17" "USDT Send" #Stablecoin #USDT
	blockNo: "23740651"
	contractAddress: "0xff7b****1b9f44"
	direction: "send"
	from: "0x1429****7f855c"
	to: "0x1220****5ffe17"
	tokenName: "USDT"
	tokenSymbol: "USDT"
	txHash: "0xadae44****41690ef3"
	Expenses:FIXME 342.00000000 USDT
	Assets:Crypto:Software:Ethereum:0x1429****7f855c -342.00000000 USDT

2025-11-06 * "0x2cb5****db080e" "USDT Send" #Stablecoin #USDT
	blockNo: "23740653"
	contractAddress: "0xff7b****1b9f44"
	direction: "send"
	from: "0x1429****7f855c"
	to: "0x2cb5****db080e"
	tokenName: "USDT"
	tokenSymbol: "USDT"
	txHash: "0x5f2458****ebe8d633"
	Expenses:FIXME 100.70000000 USDT
	Assets:Crypto:Software:Ethereum:0x1429****7f855c -100.70000000 USDT

2025-11-06 * "0x1814****5716d7" "0x5f99****b54787 Send"
	blockNo: "23740654"
	contractAddress: "0x114a****3f899c"
	direction: "send"
	from: "0x1429****7f855c"
	to: "0x1814****5716d7"
	tokenName: "0x5f99****b54787"
	tokenSymbol: "0x5f99****b54787"
	txHash: "0x0e530a****e047d032"
	Expenses:FIXME 342.00000000 0x5f99****b54787
	Assets:Crypto:Software:Ethereum:0x1429****7f855c -342.00000000 0x5f99****b54787

2025-11-06 * "0x2d73****40f6dc" "USDT Send" #Stablecoin #USDT
	blockNo: "23740655"
	contractAddress: "0xff7b****1b9f44"
	direction: "send"
	from: "0x1429****7f855c"
	to: "0x2d73****40f6dc"
	tokenName: "USDT"
	tokenSymbol: "USDT"
	txHash: "0x702af2****4eb94e2a"
	Expenses:FIXME 129.20000000 USDT
	Assets:Crypto:Software:Ethereum:0x1429****7f855c -129.20000000 USDT

2025-11-06 * "0x2fd5****0d277c" "0x5f99****b54787 Send"
	blockNo: "23740657"
	contractAddress: "0x114a****3f899c"
	direction: "send"
	from: "0x1429****7f855c"
	to: "0x2fd5****0d277c"
	tokenName: "0x5f99****b54787"
	tokenSymbol: "0x5f99****b54787"
	txHash: "0xf61305****ffef794f"
	Expenses:FIXME 380.00000000 0x5f99****b54787
	Assets:Crypto:Software:Ethereum:0x1429****7f855c -380.00000000 0x5f99****b54787

2025-11-06 * "0xd63a****0920fa" "0x5f99****b54787 Send"
	blockNo: "23740657"
	contractAddress: "0x114a****3f899c"
	direction: "send"
	from: "0x1429****7f855c"
	to: "0xd63a****0920fa"
	tokenName: "0x5f99****b54787"
	tokenSymbol: "0x5f99****b54787"
	txHash: "0xf61305****ffef794f"
	Expenses:FIXME 100.70000000 0x5f99****b54787
	Assets:Crypto:Software:Ethereum:0x1429****7f855c -100.70000000 0x5f99****b54787

2025-11-06 * "0xfce4****4117e8" "USDT Send" #Stablecoin #USDT
	blockNo: "23740657"
	contractAddress: "0xff7b****1b9f44"
	direction: "send"
	from: "0x1429****7f855c"
	to: "0xfce4****4117e8"
	tokenName: "USDT"
	tokenSymbol: "USDT"
	txHash: "0x15cfab****d1d7f8cb"
	Expenses:FIXME 45.00000000 USDT
	Assets:Crypto:Software:Ethereum:0x1429****7f855c -45.00000000 USDT

2025-11-06 * "0xb5de****3674b5" "0x5f99****b54787 Send"
	blockNo: "23740658"
	contractAddress: "0x114a****3f899c"
	direction: "send"
	from: "0x1429****7f855c"
	to: "0xb5de****3674b5"
	tokenName: "0x5f99****b54787"
	tokenSymbol: "0x5f99****b54787"
	txHash: "0x631aae****5acbe149"
	Expenses:FIXME 129.20000000 0x5f99****b54787
	Assets:Crypto:Software:Ethereum:0x1429****7f855c -129.20000000 0x5f99****b54787

2025-11-06 * "0xe263****4ef3b2" "USDT Send" #Stablecoin #USDT #SmallAirdrop
	blockNo: "23740659"
	contractAddress: "0xff7b****1b9f44"
	direction: "send"
	from: "0x1429****7f855c"
	to: "0xe263****4ef3b2"
	tokenName: "USDT"
	tokenSymbol: "USDT"
	txHash: "0x094842****ce321723"
	Income:Crypto:Airdrop 9.40000000 USDT
	Assets:Crypto:Software:Ethereum:0x1429****7f855c -9.40000000 USDT

2025-11-06 * "0xb073****f07693" "0x5f99****b54787 Send"
	blockNo: "23740660"
	contractAddress: "0x114a****3f899c"
	direction: "send"
	from: "0x1429****7f855c"
	to: "0xb073****f07693"
	tokenName: "0x5f99****b54787"
	tokenSymbol: "0x5f99****b54787"
	txHash: "0xdf166c****f1bd86d0"
	Expenses:FIXME 45.00000000 0x5f99****b54787
	Assets:Crypto:Software:Ethereum:0x1429****7f855c -45.00000000 0x5f99****b54787

2025-11-06 * "0xb003****d04b09" "USDT Send" #Stablecoin #USDT
	blockNo: "23740661"
	contractAddress: "0xff7b****1b9f44"
	direction: "send"
	from: "0x1429****7f855c"
	to: "0xb003****d04b09"
	tokenName: "USDT"
	tokenSymbol: "USDT"
	txHash: "0x758277****284b058d"
	Expenses:FIXME 415.89108000 USDT
	Assets:Crypto:Software:Ethereum:0x1429****7f855c -415.89108000 USDT

2025-11-06 * "0xbefc****f572fe" "0x5f99****b54787 Send" #SmallAirdrop
	blockNo: "23740664"
	contractAddress: "0x114a****3f899c"
	direction: "send"
	from: "0x1429****7f855c"
	to: "0xbefc****f572fe"
	tokenName: "0x5f99****b54787"
	tokenSymbol: "0x5f99****b54787"
	txHash: "0x41e8e2****e917d2db"
	Income:Crypto:Airdrop 9.40000000 0x5f99****b54787
	Assets:Crypto:Software:Ethereum:0x1429****7f855c -9.40000000 0x5f99****b54787

2025-11-06 * "0x4045****7c7159" "0x5f99****b54787 Send"
	blockNo: "23740671"
	contractAddress: "0x114a****3f899c"
	direction: "send"
	from: "0x1429****7f855c"
	to: "0x4045****7c7159"
	tokenName: "0x5f99****b54787"
	tokenSymbol: "0x5f99****b54787"
	txHash: "0x336f35****e3c89370"
	Expenses:FIXME 415.89108000 0x5f99****b54787
	Assets:Crypto:Software:Ethereum:0x1429****7f855c -415.89108000 0x5f99****b54787

2025-11-06 * "0x07f3****b35fed" "USDT Receive" #Stablecoin #USDT
	blockNo: "23740733"
	contractAddress: "0xff7b****1b9f44"
	direction: "recv"
	from: "0x07f3****b35fed"
	to: "0x1429****7f855c"
	tokenName: "USDT"
	tokenSymbol: "USDT"
	txHash: "0x382bea****95b95b94"
	Assets:Crypto:Software:Ethereum:0x1429****7f855c 28000.00000000 USDT
	Income:Crypto:Transfer -28000.00000000 USDT

2025-11-06 * "0xd942****56f7c4" "USDT Send" #Stablecoin #USDT
	blockNo: "23740752"
	contractAddress: "0xff7b****1b9f44"
	direction: "send"
	from: "0x1429****7f855c"
	to: "0xd942****56f7c4"
	tokenName: "USDT"
	tokenSymbol: "USDT"
	txHash: "0xd2a81a****734c08e6"
	Expenses:FIXME 95.00000000 USDT
	Assets:Crypto:Software:Ethereum:0x1429****7f855c -95.00000000 USDT

2025-11-06 * "0x818e****f6b2e8" "USDT Send" #Stablecoin #USDT
	blockNo: "23740752"
	contractAddress: "0xff7b****1b9f44"
	direction: "send"
	from: "0x1429****7f855c"
	to: "0x818e****f6b2e8"
	tokenName: "USDT"
	tokenSymbol: "USDT"
	txHash: "0xd2a81a****734c08e6"
	Expenses:FIXME 522.50000000 USDT
	Assets:Crypto:Software:Ethereum:0x1429****7f855c -522.50000000 USDT

2025-11-06 * "0xfd64****0f6363" "0x5f99****b54787 Send"
	blockNo: "23740755"
	contractAddress: "0x114a****3f899c"
	direction: "send"
	from: "0x1429****7f855c"
	to: "0xfd64****0f6363"
	tokenName: "0x5f99****b54787"
	tokenSymbol: "0x5f99****b54787"
	txHash: "0x31fc6d****d0c6ed9b"
	Expenses:FIXME 522.50000000 0x5f99****b54787
	Assets:Crypto:Software:Ethereum:0x1429****7f855c -522.50000000 0x5f99****b54787

2025-11-06 * "0x55aa****1da8c7" "0x5f99****b54787 Send"
	blockNo: "23740755"
	contractAddress: "0x114a****3f899c"
	direction: "send"
	from: "0x1429****7f855c"
	to: "0x55aa****1da8c7"
	tokenName: "0x5f99****b54787"
	tokenSymbol: "0x5f99****b54787"
	txHash: "0x31fc6d****d0c6ed9b"
	Expenses:FIXME 95.00000000 0x5f99****b54787
	Assets:Crypto:Software:Ethereum:0x1429****7f855c -95.00000000 0x5f99****b54787

2025-11-06 * "0x706e****ccad03" "USDT Send" #Stablecoin #USDT
	blockNo: "23740755"
	contractAddress: "0xff7b****1b9f44"
	direction: "send"
	from: "0x1429****7f855c"
	to: "0x706e****ccad03"
	tokenName: "USDT"
	tokenSymbol: "USDT"
	txHash: "0xfb2cd9****508b5ad3"
	Expenses:FIXME 666.34900000 USDT
	Assets:Crypto:Software:Ethereum:0x1429****7f855c -666.34900000 USDT

2025-11-06 * "0x69f2****870667" "USDT Send" #Stablecoin #USDT
	blockNo: "23740755"
	contractAddress: "0xff7b****1b9f44"
	direction: "send"
	from: "0x1429****7f855c"
	to: "0x69f2****870667"
	tokenName: "USDT"
	tokenSymbol: "USDT"
	txHash: "0xfb2cd9****508b5ad3"
	Expenses:FIXME 1995.95000000 USDT
	Assets:Crypto:Software:Ethereum:0x1429****7f855c -1995.95000000 USDT

2025-11-06 * "0xf16d****a63c98" "0x5f99****b54787 Send"
	blockNo: "23740758"
	contractAddress: "0x114a****3f899c"
	direction: "send"
	from: "0x1429****7f855c"
	to: "0xf16d****a63c98"
	tokenName: "0x5f99****b54787"
	tokenSymbol: "0x5f99****b54787"
	txHash: "0xc8ae10****adc4f90b"
	Expenses:FIXME 1995.95000000 0x5f99****b54787
	Assets:Crypto:Software:Ethereum:0x1429****7f855c -1995.95000000 0x5f99****b54787

2025-11-06 * "0xda75****d9e2c4" "USDT Send" #Stablecoin #USDT #SmallAirdrop
	blockNo: "23740758"
	contractAddress: "0xff7b****1b9f44"
	direction: "send"
	from: "0x1429****7f855c"
	to: "0xda75****d9e2c4"
	tokenName: "USDT"
	tokenSymbol: "USDT"
	txHash: "0xbecde4****27d59218"
	Income:Crypto:Airdrop 5.00000000 USDT
	Assets:Crypto:Software:Ethereum:0x1429****7f855c -5.00000000 USDT

2025-11-06 * "0x896e****9d1d32" "USDT Send" #Stablecoin #USDT
	blockNo: "23740758"
	contractAddress: "0xff7b****1b9f44"
	direction: "send"
	from: "0x1429****7f855c"
	to: "0x896e****9d1d32"
	tokenName: "USDT"
	tokenSymbol: "USDT"
	txHash: "0xbecde4****27d59218"
	Expenses:FIXME 95.00000000 USDT
	Assets:Crypto:Software:Ethereum:0x1429****7f855c -95.00000000 USDT

2025-11-06 * "0xe972****ea825a" "0x5f99****b54787 Send"
	blockNo: "23740760"
	contractAddress: "0x114a****3f899c"
	direction: "send"
	from: "0x1429****7f855c"
	to: "0xe972****ea825a"
	tokenName: "0x5f99****b54787"
	tokenSymbol: "0x5f99****b54787"
	txHash: "0xb74b53****b4fe7755"
	Expenses:FIXME 666.34900000 0x5f99****b54787
	Assets:Crypto:Software:Ethereum:0x1429****7f855c -666.34900000 0x5f99****b54787

2025-11-06 * "0x9304****792a75" "USDT Send" #Stablecoin #USDT
	blockNo: "23740760"
	contractAddress: "0xff7b****1b9f44"
	direction: "send"
	from: "0x1429****7f855c"
	to: "0x9304****792a75"
	tokenName: "USDT"
	tokenSymbol: "USDT"
	txHash: "0x03dc19****a601ecac"
	Expenses:FIXME 689.70000000 USDT
	Assets:Crypto:Software:Ethereum:0x1429****7f855c -689.70000000 USDT

2025-11-06 * "0x0b50****da5436" "USDT Send" #Stablecoin #USDT
	blockNo: "23740760"
	contractAddress: "0xff7b****1b9f44"
	direction: "send"
	from: "0x1429****7f855c"
	to: "0x0b50****da5436"
	tokenName: "USDT"
	tokenSymbol: "USDT"
	txHash: "0x03dc19****a601ecac"
	Expenses:FIXME 218.50000000 USDT
	Assets:Crypto:Software:Ethereum:0x1429****7f855c -218.50000000 USDT

2025-11-06 * "0x41e6****bfc762" "0x5f99****b54787 Send"
	blockNo: "23740761"
	contractAddress: "0x114a****3f899c"
	direction: "send"
	from: "0x1429****7f855c"
	to: "0x41e6****bfc762"
	tokenName: "0x5f99****b54787"
	tokenSymbol: "0x5f99****b54787"
	txHash: "0x4ddec0****623d0255"
	Expenses:FIXME 95.00000000 0x5f99****b54787
	Assets:Crypto:Software:Ethereum:0x1429****7f855c -95.00000000 0x5f99****b54787

2025-11-06 * "0xdbc3****9f9dd5" "USDT Send" #Stablecoin #USDT
	blockNo: "23740763"
	contractAddress: "0xff7b****1b9f44"
	direction: "send"
	from: "0x1429****7f855c"
	to: "0xdbc3****9f9dd5"
	tokenName: "USDT"
	tokenSymbol: "USDT"
	txHash: "0xb1bf0a****9a1a7ef9"
	Expenses:FIXME 329.95400000 USDT
	Assets:Crypto:Software:Ethereum:0x1429****7f855c -329.95400000 USDT

2025-11-06 * "0x70bb****9273a5" "USDT Send" #Stablecoin #USDT
	blockNo: "23740763"
	contractAddress: "0xff7b****1b9f44"
	direction: "send"
	from: "0x1429****7f855c"
	to: "0x70bb****9273a5"
	tokenName: "USDT"
	tokenSymbol: "USDT"
	txHash: "0xb1bf0a****9a1a7ef9"
	Expenses:FIXME 285.00000000 USDT
	Assets:Crypto:Software:Ethereum:0x1429****7f855c -285.00000000 USDT

2025-11-06 * "0x438e****348f62" "0x5f99****b54787 Send" #SmallAirdrop
	blockNo: "23740763"
	contractAddress: "0x114a****3f899c"
	direction: "send"
	from: "0x1429****7f855c"
	to: "0x438e****348f62"
	tokenName: "0x5f99****b54787"
	tokenSymbol: "0x5f99****b54787"
	txHash: "0x0492a4****ef6632e1"
	Income:Crypto:Airdrop 5.00000000 0x5f99****b54787
	Assets:Crypto:Software:Ethereum:0x1429****7f855c -5.00000000 0x5f99****b54787

2025-11-06 * "0x8408****377ea7" "0x5f99****b54787 Send"
	blockNo: "23740765"
	contractAddress: "0x114a****3f899c"
	direction: "send"
	from: "0x1429****7f855c"
	to: "0x8408****377ea7"
	tokenName: "0x5f99****b54787"
	tokenSymbol: "0x5f99****b54787"
	txHash: "0xefd282****65fd45c8"
	Expenses:FIXME 218.50000000 0x5f99****b54787
	Assets:Crypto:Software:Ethereum:0x1429****7f855c -218.50000000 0x5f99****b54787

2025-11-06 * "0x6209****9d2c66" "0x5f99****b54787 Send"
	blockNo: "23740766"
	contractAddress: "0x114a****3f899c"
	direction: "send"
	from: "0x1429****7f855c"
	to: "0x6209****9d2c66"
	tokenName: "0x5f99****b54787"
	tokenSymbol: "0x5f99****b54787"
	txHash: "0x57bbd8****7a0f1f5a"
	Expenses:FIXME 689.70000000 0x5f99****b54787
	Assets:Crypto:Software:Ethereum:0x1429****7f855c -689.70000000 0x5f99****b54787

2025-11-06 * "0x289c****5cfd50" "0x5f99****b54787 Send"
	blockNo: "23740770"
	contractAddress: "0x114a****3f899c"
	direction: "send"
	from: "0x1429****7f855c"
	to: "0x289c****5cfd50"
	tokenName: "0x5f99****b54787"
	tokenSymbol: "0x5f99****b54787"
	txHash: "0x79c73d****cd57f0fa"
	Expenses:FIXME 329.95400000 0x5f99****b54787
	Assets:Crypto:Software:Ethereum:0x1429****7f855c -329.95400000 0x5f99****b54787

2025-11-06 * "0x092d****1b7f11" "0x5f99****b54787 Send"
	blockNo: "23740771"
	contractAddress: "0x114a****3f899c"
	direction: "send"
	from: "0x1429****7f855c"
	to: "0x092d****1b7f11"
	tokenName: "0x5f99****b54787"
	tokenSymbol: "0x5f99****b54787"
	txHash: "0x574dc6****f427769f"
	Expenses:FIXME 285.00000000 0x5f99****b54787
	Assets:Crypto:Software:Ethereum:0x1429****7f855c -285.00000000 0x5f99****b54787

2025-11-06 * "0xbf0d****9f8280" "USDC Send" #Stablecoin #USDC
	blockNo: "23740825"
	contractAddress: "0xcaf2****16e452"
	direction: "send"
	from: "0x1429****7f855c"
	to: "0xbf0d****9f8280"
	tokenName: "USDC"
	tokenSymbol: "USDC"
	txHash: "0x153cd6****46cdd02e"
	Expenses:FIXME 94.97000800 USDC
	Assets:Crypto:Ethereum:USDC -94.97000800 USDC

2025-11-06 * "0x70bd****c98aae" "0x74ac****dc91da Send"
	blockNo: "23740834"
	contractAddress: "0x9d71****8b22f6"
	direction: "send"
	from: "0x1429****7f855c"
	to: "0x70bd****c98aae"
	tokenName: "0x74ac****dc91da"
	tokenSymbol: "0x74ac****dc91da"
	txHash: "0x5de927****f1ac8928"
	Expenses:FIXME 94.97000800 0x74ac****dc91da
	Assets:Crypto:Software:Ethereum:0x1429****7f855c -94.97000800 0x74ac****dc91da

2025-11-06 * "0x84b1****070647" "USDT Send" #Stablecoin #USDT
	blockNo: "23740838"
	contractAddress: "0xff7b****1b9f44"
	direction: "send"
	from: "0x1429****7f855c"
	to: "0x84b1****070647"
	tokenName: "USDT"
	tokenSymbol: "USDT"
	txHash: "0x948937****c53e8984"
	Expenses:FIXME 182.40000000 USDT
	Assets:Crypto:Software:Ethereum:0x1429****7f855c -182.40000000 USDT

2025-11-06 * "0x695e****e62867" "USDT Send" #Stablecoin #USDT
	blockNo: "23740840"
	contractAddress: "0xff7b****1b9f44"
	direction: "send"
	from: "0x1429****7f855c"
	to: "0x695e****e62867"
	tokenName: "USDT"
	tokenSymbol: "USDT"
	txHash: "0xa1ad7d****ab43e483"
	Expenses:FIXME 301.15000000 USDT
	Assets:Crypto:Software:Ethereum:0x1429****7f855c -301.15000000 USDT

2025-11-06 * "0x09c3****c9ebab" "0x5e17****ff3749 Send"
	blockNo: "23740841"
	contractAddress: "0x4714****aea92c"
	direction: "send"
	from: "0x1429****7f855c"
	to: "0x09c3****c9ebab"
	tokenName: "0x5e17****ff3749"
	tokenSymbol: "0x5e17****ff3749"
	txHash: "0x28b8f7****ed8d0dcb"
	Expenses:FIXME 182.40000000 0x5e17****ff3749
	Assets:Crypto:Software:Ethereum:0x1429****7f855c -182.40000000 0x5e17****ff3749

2025-11-06 * "0x8d24****dca9ce" "USDT Send" #Stablecoin #USDT
	blockNo: "23740842"
	contractAddress: "0xff7b****1b9f44"
	direction: "send"
	from: "0x1429****7f855c"
	to: "0x8d24****dca9ce"
	tokenName: "USDT"
	tokenSymbol: "USDT"
	txHash: "0x0dfbd3****6d7535c7"
	Expenses:FIXME 311.60000000 USDT
	Assets:Crypto:Software:Ethereum:0x1429****7f855c -311.60000000 USDT

2025-11-06 * "0xe523****c53a82" "USDT Send" #Stablecoin #USDT
	blockNo: "23740843"
	contractAddress: "0xff7b****1b9f44"
	direction: "send"
	from: "0x1429****7f855c"
	to: "0xe523****c53a82"
	tokenName: "USDT"
	tokenSymbol: "USDT"
	txHash: "0x2c76d6****4bb1e636"
	Expenses:FIXME 310.65000000 USDT
	Assets:Crypto:Software:Ethereum:0x1429****7f855c -310.65000000 USDT

2025-11-06 * "0x8d50****e22957" "0x5e17****ff3749 Send"
	blockNo: "23740844"
	contractAddress: "0x4714****aea92c"
	direction: "send"
	from: "0x1429****7f855c"
	to: "0x8d50****e22957"
	tokenName: "0x5e17****ff3749"
	tokenSymbol: "0x5e17****ff3749"
	txHash: "0xc43060****98e311e6"
	Expenses:FIXME 301.15000000 0x5e17****ff3749
	Assets:Crypto:Software:Ethereum:0x1429****7f855c -301.15000000 0x5e17****ff3749

2025-11-06 * "0xb4fa****7be8d8" "0x5e17****ff3749 Send"
	blockNo: "23740846"
	contractAddress: "0x4714****aea92c"
	direction: "send"
	from: "0x1429****7f855c"
	to: "0xb4fa****7be8d8"
	tokenName: "0x5e17****ff3749"
	tokenSymbol: "0x5e17****ff3749"
	txHash: "0x6e0db8****ad792c71"
	Expenses:FIXME 311.60000000 0x5e17****ff3749
	Assets:Crypto:Software:Ethereum:0x1429****7f855c -311.60000000 0x5e17****ff3749

2025-11-06 * "0xda67****d6433b" "0x5e17****ff3749 Send"
	blockNo: "23740846"
	contractAddress: "0x4714****aea92c"
	direction: "send"
	from: "0x1429****7f855c"
	to: "0xda67****d6433b"
	tokenName: "0x5e17****ff3749"
	tokenSymbol: "0x5e17****ff3749"
	txHash: "0x6e0db8****ad792c71"
	Expenses:FIXME 310.65000000 0x5e17****ff3749
	Assets:Crypto:Software:Ethereum:0x1429****7f855c -310.65000000 0x5e17****ff3749

2025-11-06 * "0x21a2****3a267c" "USDT Send" #Stablecoin #USDT
	blockNo: "23740846"
	contractAddress: "0xff7b****1b9f44"
	direction: "send"
	from: "0x1429****7f855c"
	to: "0x21a2****3a267c"
	tokenName: "USDT"
	tokenSymbol: "USDT"
	txHash: "0xcc1714****eed0eb7d"
	Expenses:FIXME 120.65000000 USDT
	Assets:Crypto:Software:Ethereum:0x1429****7f855c -120.65000000 USDT

2025-11-06 * "0x4ac8****23cb4b" "USDT Send" #Stablecoin #USDT
	blockNo: "23740847"
	contractAddress: "0xff7b****1b9f44"
	direction: "send"
	from: "0x1429****7f855c"
	to: "0x4ac8****23cb4b"
	tokenName: "USDT"
	tokenSymbol: "USDT"
	txHash: "0xf4dee6****01efb034"
	Expenses:FIXME 2850.00000000 USDT
	Assets:Crypto:Software:Ethereum:0x1429****7f855c -2850.00000000 USDT

2025-11-06 * "0x4e0b****f32b2a" "0x5e17****ff3749 Send"
	blockNo: "23740854"
	contractAddress: "0x4714****aea92c"
	direction: "send"
	from: "0x1429****7f855c"
	to: "0x4e0b****f32b2a"
	tokenName: "0x5e17****ff3749"
	tokenSymbol: "0x5e17****ff3749"
	txHash: "0x63beb3****cb354424"
	Expenses:FIXME 120.65000000 0x5e17****ff3749
	Assets:Crypto:Software:Ethereum:0x1429****7f855c -120.65000000 0x5e17****ff3749

2025-11-06 * "0x6ee7****3779a0" "0x5e17****ff3749 Send"
	blockNo: "23740857"
	contractAddress: "0x4714****aea92c"
	direction: "send"
	from: "0x1429****7f855c"
	to: "0x6ee7****3779a0"
	tokenName: "0x5e17****ff3749"
	tokenSymbol: "0x5e17****ff3749"
	txHash: "0xc817f0****53604291"
	Expenses:FIXME 2850.00000000 0x5e17****ff3749
	Assets:Crypto:Software:Ethereum:0x1429****7f855c -2850.00000000 0x5e17****ff3749

2025-11-06 * "0xd424****4642aa" "0x020f****77d201 Send"
	blockNo: "23740977"
	contractAddress: "0x8e17****80d41b"
	direction: "send"
	from: "0x1429****7f855c"
	to: "0xd424****4642aa"
	tokenName: "0x020f****77d201"
	tokenSymbol: "0x020f****77d201"
	txHash: "0xe5c0a0****5726b56a"
	Expenses:FIXME 0.00200000 0x020f****77d201
	Assets:Crypto:Software:Ethereum:0x1429****7f855c -0.00200000 0x020f****77d201

2025-11-06 * "0x717a****4c611c" "USDT Send" #Stablecoin #USDT
	blockNo: "23740985"
	contractAddress: "0xff7b****1b9f44"
	direction: "send"
	from: "0x1429****7f855c"
	to: "0x717a****4c611c"
	tokenName: "USDT"
	tokenSymbol: "USDT"
	txHash: "0xa48199****f2faa6cb"
	Expenses:FIXME 3519.75000000 USDT
	Assets:Crypto:Software:Ethereum:0x1429****7f855c -3519.75000000 USDT

2025-11-06 * "0x45a6****072155" "USDT Send" #Stablecoin #USDT #SmallAirdrop
	blockNo: "23740987"
	contractAddress: "0xff7b****1b9f44"
	direction: "send"
	from: "0x1429****7f855c"
	to: "0x45a6****072155"
	tokenName: "USDT"
	tokenSymbol: "USDT"
	txHash: "0x6cb4f2****f43d4cc8"
	Income:Crypto:Airdrop 6.20000000 USDT
	Assets:Crypto:Software:Ethereum:0x1429****7f855c -6.20000000 USDT

2025-11-06 * "0x53a8****37c859" "0x5e17****ff3749 Send"
	blockNo: "23740988"
	contractAddress: "0x4714****aea92c"
	direction: "send"
	from: "0x1429****7f855c"
	to: "0x53a8****37c859"
	tokenName: "0x5e17****ff3749"
	tokenSymbol: "0x5e17****ff3749"
	txHash: "0xd42e60****672e7d92"
	Expenses:FIXME 3519.75000000 0x5e17****ff3749
	Assets:Crypto:Software:Ethereum:0x1429****7f855c -3519.75000000 0x5e17****ff3749

2025-11-06 * "0xda75****d9e2c4" "USDT Send" #Stablecoin #USDT
	blockNo: "23740988"
	contractAddress: "0xff7b****1b9f44"
	direction: "send"
	from: "0x1429****7f855c"
	to: "0xda75****d9e2c4"
	tokenName: "USDT"
	tokenSymbol: "USDT"
	txHash: "0x3c4e66****8060fa3d"
	Expenses:FIXME 47.40000000 USDT
	Assets:Crypto:Software:Ethereum:0x1429****7f855c -47.40000000 USDT

2025-11-06 * "0x8d24****dca9ce" "USDT Send" #Stablecoin #USDT
	blockNo: "23740990"
	contractAddress: "0xff7b****1b9f44"
	direction: "send"
	from: "0x1429****7f855c"
	to: "0x8d24****dca9ce"
	tokenName: "USDT"
	tokenSymbol: "USDT"
	txHash: "0x3c2d2a****4d7b6104"
	Expenses:FIXME 285.64600000 USDT
	Assets:Crypto:Software:Ethereum:0x1429****7f855c -285.64600000 USDT

2025-11-06 * "0xc10d****f43895" "0x5e17****ff3749 Send" #SmallAirdrop
	blockNo: "23740991"
	contractAddress: "0x4714****aea92c"
	direction: "send"
	from: "0x1429****7f855c"
	to: "0xc10d****f43895"
	tokenName: "0x5e17****ff3749"
	tokenSymbol: "0x5e17****ff3749"
	txHash: "0xed58f8****e65546fc"
	Income:Crypto:Airdrop 6.20000000 0x5e17****ff3749
	Assets:Crypto:Software:Ethereum:0x1429****7f855c -6.20000000 0x5e17****ff3749

2025-11-06 * "0x438e****348f62" "0x5e17****ff3749 Send"
	blockNo: "23740991"
	contractAddress: "0x4714****aea92c"
	direction: "send"
	from: "0x1429****7f855c"
	to: "0x438e****348f62"
	tokenName: "0x5e17****ff3749"
	tokenSymbol: "0x5e17****ff3749"
	txHash: "0xed58f8****e65546fc"
	Expenses:FIXME 47.40000000 0x5e17****ff3749
	Assets:Crypto:Software:Ethereum:0x1429****7f855c -47.40000000 0x5e17****ff3749

2025-11-06 * "0x2413****9dfdba" "USDT Send" #Stablecoin #USDT
	blockNo: "23740992"
	contractAddress: "0xff7b****1b9f44"
	direction: "send"
	from: "0x1429****7f855c"
	to: "0x2413****9dfdba"
	tokenName: "USDT"
	tokenSymbol: "USDT"
	txHash: "0x6dd122****2f9d1773"
	Expenses:FIXME 291.47520000 USDT
	Assets:Crypto:Software:Ethereum:0x1429****7f855c -291.47520000 USDT

2025-11-06 * "0x5a91****59751c" "USDT Send" #Stablecoin #USDT
	blockNo: "23740993"
	contractAddress: "0xff7b****1b9f44"
	direction: "send"
	from: "0x1429****7f855c"
	to: "0x5a91****59751c"
	tokenName: "USDT"
	tokenSymbol: "USDT"
	txHash: "0x1a65d0****934b3182"
	Expenses:FIXME 351.50000000 USDT
	Assets:Crypto:Software:Ethereum:0x1429****7f855c -351.50000000 USDT

2025-11-06 * "0xb4fa****7be8d8" "0x5e17****ff3749 Send"
	blockNo: "23740994"
	contractAddress: "0x4714****aea92c"
	direction: "send"
	from: "0x1429****7f855c"
	to: "0xb4fa****7be8d8"
	tokenName: "0x5e17****ff3749"
	tokenSymbol: "0x5e17****ff3749"
	txHash: "0x035ebf****37629f0c"
	Expenses:FIXME 285.64600000 0x5e17****ff3749
	Assets:Crypto:Software:Ethereum:0x1429****7f855c -285.64600000 0x5e17****ff3749

2025-11-06 * "0x551d****df11ec" "0x5e17****ff3749 Send"
	blockNo: "23740995"
	contractAddress: "0x4714****aea92c"
	direction: "send"
	from: "0x1429****7f855c"
	to: "0x551d****df11ec"
	tokenName: "0x5e17****ff3749"
	tokenSymbol: "0x5e17****ff3749"
	txHash: "0x0ee2c2****ec60737f"
	Expenses:FIXME 291.47520000 0x5e17****ff3749
	Assets:Crypto:Software:Ethereum:0x1429****7f855c -291.47520000 0x5e17****ff3749

2025-11-06 * "0x2aea****e2c1c2" "0x5e17****ff3749 Send"
	blockNo: "23741018"
	contractAddress: "0x4714****aea92c"
	direction: "send"
	from: "0x1429****7f855c"
	to: "0x2aea****e2c1c2"
	tokenName: "0x5e17****ff3749"
	tokenSymbol: "0x5e17****ff3749"
	txHash: "0xf35621****120427d5"
	Expenses:FIXME 351.50000000 0x5e17****ff3749
	Assets:Crypto:Software:Ethereum:0x1429****7f855c -351.50000000 0x5e17****ff3749

2025-11-06 * "0x000e****000b15" "USDC Send" #Stablecoin #USDC
	blockNo: "23741028"
	contractAddress: "0xcaf2****16e452"
	direction: "send"
	from: "0x1429****7f855c"
	to: "0x000e****000b15"
	tokenName: "USDC"
	tokenSymbol: "USDC"
	txHash: "0x074bb8****80ff9233"
	Expenses:FIXME 3109.36719000 USDC
	Assets:Crypto:Ethereum:USDC -3109.36719000 USDC

2025-11-06 * "0x6cd5****81309f" "0x74ac****dc91da Send"
	blockNo: "23741033"
	contractAddress: "0x9d71****8b22f6"
	direction: "send"
	from: "0x1429****7f855c"
	to: "0x6cd5****81309f"
	tokenName: "0x74ac****dc91da"
	tokenSymbol: "0x74ac****dc91da"
	txHash: "0x653b5a****e8c1acdc"
	Expenses:FIXME 3109.36719000 0x74ac****dc91da
	Assets:Crypto:Software:Ethereum:0x1429****7f855c -3109.36719000 0x74ac****dc91da

2025-11-06 * "0xa29c****076f13" "0x5e17****ff3749 Send"
	blockNo: "23741036"
	contractAddress: "0x4714****aea92c"
	direction: "send"
	from: "0x1429****7f855c"
	to: "0xa29c****076f13"
	tokenName: "0x5e17****ff3749"
	tokenSymbol: "0x5e17****ff3749"
	txHash: "0xa150c4****fea16478"
	Expenses:FIXME 500.44480000 0x5e17****ff3749
	Assets:Crypto:Software:Ethereum:0x1429****7f855c -500.44480000 0x5e17****ff3749

2025-11-06 * "0x667a****b49c67" "USDT Send" #Stablecoin #USDT
	blockNo: "23741040"
	contractAddress: "0xff7b****1b9f44"
	direction: "send"
	from: "0x1429****7f855c"
	to: "0x667a****b49c67"
	tokenName: "USDT"
	tokenSymbol: "USDT"
	txHash: "0x75524a****b078abb0"
	Expenses:FIXME 82.74000000 USDT
	Assets:Crypto:Software:Ethereum:0x1429****7f855c -82.74000000 USDT

2025-11-06 * "0xfac9****0c7cea" "USDT Send" #Stablecoin #USDT
	blockNo: "23741040"
	contractAddress: "0xff7b****1b9f44"
	direction: "send"
	from: "0x1429****7f855c"
	to: "0xfac9****0c7cea"
	tokenName: "USDT"
	tokenSymbol: "USDT"
	txHash: "0xe104e2****ac3e58fe"
	Expenses:FIXME 760.95000000 USDT
	Assets:Crypto:Software:Ethereum:0x1429****7f855c -760.95000000 USDT

2025-11-06 * "0x2b58****0078ce" "USDT Send" #Stablecoin #USDT
	blockNo: "23741042"
	contractAddress: "0xff7b****1b9f44"
	direction: "send"
	from: "0x1429****7f855c"
	to: "0x2b58****0078ce"
	tokenName: "USDT"
	tokenSymbol: "USDT"
	txHash: "0x40b625****a31fb766"
	Expenses:FIXME 3800.91200000 USDT
	Assets:Crypto:Software:Ethereum:0x1429****7f855c -3800.91200000 USDT

2025-11-06 * "0x6b94****4f4b48" "USDT Send" #Stablecoin #USDT
	blockNo: "23741043"
	contractAddress: "0xff7b****1b9f44"
	direction: "send"
	from: "0x1429****7f855c"
	to: "0x6b94****4f4b48"
	tokenName: "USDT"
	tokenSymbol: "USDT"
	txHash: "0xd79d5a****6e70baee"
	Expenses:FIXME 885.40000000 USDT
	Assets:Crypto:Software:Ethereum:0x1429****7f855c -885.40000000 USDT

2025-11-06 * "0x644a****360330" "0x5e17****ff3749 Send"
	blockNo: "23741044"
	contractAddress: "0x4714****aea92c"
	direction: "send"
	from: "0x1429****7f855c"
	to: "0x644a****360330"
	tokenName: "0x5e17****ff3749"
	tokenSymbol: "0x5e17****ff3749"
	txHash: "0x17cf32****7381d74c"
	Expenses:FIXME 760.95000000 0x5e17****ff3749
	Assets:Crypto:Software:Ethereum:0x1429****7f855c -760.95000000 0x5e17****ff3749

2025-11-06 * "0xc2f7****21e160" "0x5e17****ff3749 Send"
	blockNo: "23741044"
	contractAddress: "0x4714****aea92c"
	direction: "send"
	from: "0x1429****7f855c"
	to: "0xc2f7****21e160"
	tokenName: "0x5e17****ff3749"
	tokenSymbol: "0x5e17****ff3749"
	txHash: "0x17cf32****7381d74c"
	Expenses:FIXME 82.74000000 0x5e17****ff3749
	Assets:Crypto:Software:Ethereum:0x1429****7f855c -82.74000000 0x5e17****ff3749

2025-11-06 * "0x29e4****33854c" "0x5e17****ff3749 Send"
	blockNo: "23741049"
	contractAddress: "0x4714****aea92c"
	direction: "send"
	from: "0x1429****7f855c"
	to: "0x29e4****33854c"
	tokenName: "0x5e17****ff3749"
	tokenSymbol: "0x5e17****ff3749"
	txHash: "0x4f3503****e36aff18"
	Expenses:FIXME 3800.91200000 0x5e17****ff3749
	Assets:Crypto:Software:Ethereum:0x1429****7f855c -3800.91200000 0x5e17****ff3749

2025-11-06 * "0x40b5****e865b5" "0x5e17****ff3749 Send"
	blockNo: "23741050"
	contractAddress: "0x4714****aea92c"
	direction: "send"
	from: "0x1429****7f855c"
	to: "0x40b5****e865b5"
	tokenName: "0x5e17****ff3749"
	tokenSymbol: "0x5e17****ff3749"
	txHash: "0xc483ef****a6a0b1ee"
	Expenses:FIXME 885.40000000 0x5e17****ff3749
	Assets:Crypto:Software:Ethereum:0x1429****7f855c -885.40000000 0x5e17****ff3749

2025-11-06 * "0x1fff****5f2bac" "USDT Send" #Stablecoin #USDT
	blockNo: "23741083"
	contractAddress: "0xff7b****1b9f44"
	direction: "send"
	from: "0x1429****7f855c"
	to: "0x1fff****5f2bac"
	tokenName: "USDT"
	tokenSymbol: "USDT"
	txHash: "0x07b4ad****ecefe593"
	Expenses:FIXME 15.00000000 USDT
	Assets:Crypto:Software:Ethereum:0x1429****7f855c -15.00000000 USDT

2025-11-06 * "0x45a6****072155" "USDT Send" #Stablecoin #USDT
	blockNo: "23741085"
	contractAddress: "0xff7b****1b9f44"
	direction: "send"
	from: "0x1429****7f855c"
	to: "0x45a6****072155"
	tokenName: "USDT"
	tokenSymbol: "USDT"
	txHash: "0x33a249****182a76d4"
	Expenses:FIXME 388.83120000 USDT
	Assets:Crypto:Software:Ethereum:0x1429****7f855c -388.83120000 USDT

2025-11-06 * "0xdc60****4dba5e" "USDT Send" #Stablecoin #USDT
	blockNo: "23741086"
	contractAddress: "0xff7b****1b9f44"
	direction: "send"
	from: "0x1429****7f855c"
	to: "0xdc60****4dba5e"
	tokenName: "USDT"
	tokenSymbol: "USDT"
	txHash: "0xf1b9f7****8ac518ae"
	Expenses:FIXME 20.00000000 USDT
	Assets:Crypto:Software:Ethereum:0x1429****7f855c -20.00000000 USDT

2025-11-06 * "0x1d8f****7f2071" "USDT Send" #Stablecoin #USDT
	blockNo: "23741088"
	contractAddress: "0xff7b****1b9f44"
	direction: "send"
	from: "0x1429****7f855c"
	to: "0x1d8f****7f2071"
	tokenName: "USDT"
	tokenSymbol: "USDT"
	txHash: "0x91507b****1937f383"
	Expenses:FIXME 36.60000000 USDT
	Assets:Crypto:Software:Ethereum:0x1429****7f855c -36.60000000 USDT

2025-11-06 * "0x8a41****6cbe01" "0x5e17****ff3749 Send"
	blockNo: "23741088"
	contractAddress: "0x4714****aea92c"
	direction: "send"
	from: "0x1429****7f855c"
	to: "0x8a41****6cbe01"
	tokenName: "0x5e17****ff3749"
	tokenSymbol: "0x5e17****ff3749"
	txHash: "0x0fbf4a****697b8014"
	Expenses:FIXME 15.00000000 0x5e17****ff3749
	Assets:Crypto:Software:Ethereum:0x1429****7f855c -15.00000000 0x5e17****ff3749

2025-11-06 * "0xc10d****f43895" "0x5e17****ff3749 Send"
	blockNo: "23741088"
	contractAddress: "0x4714****aea92c"
	direction: "send"
	from: "0x1429****7f855c"
	to: "0xc10d****f43895"
	tokenName: "0x5e17****ff3749"
	tokenSymbol: "0x5e17****ff3749"
	txHash: "0xf475f7****bf7ef337"
	Expenses:FIXME 388.83120000 0x5e17****ff3749
	Assets:Crypto:Software:Ethereum:0x1429****7f855c -388.83120000 0x5e17****ff3749

2025-11-06 * "0x4559****49ecf9" "0x5e17****ff3749 Send"
	blockNo: "23741089"
	contractAddress: "0x4714****aea92c"
	direction: "send"
	from: "0x1429****7f855c"
	to: "0x4559****49ecf9"
	tokenName: "0x5e17****ff3749"
	tokenSymbol: "0x5e17****ff3749"
	txHash: "0x464988****f8635b8c"
	Expenses:FIXME 20.00000000 0x5e17****ff3749
	Assets:Crypto:Software:Ethereum:0x1429****7f855c -20.00000000 0x5e17****ff3749

2025-11-06 * "0xa8f9****bfffd3" "0x5e17****ff3749 Send"
	blockNo: "23741091"
	contractAddress: "0x4714****aea92c"
	direction: "send"
	from: "0x1429****7f855c"
	to: "0xa8f9****bfffd3"
	tokenName: "0x5e17****ff3749"
	tokenSymbol: "0x5e17****ff3749"
	txHash: "0x7babfe****5f6bfd41"
	Expenses:FIXME 36.60000000 0x5e17****ff3749
	Assets:Crypto:Software:Ethereum:0x1429****7f855c -36.60000000 0x5e17****ff3749

2025-11-06 * "0x8175****2f6540" "USDT Send" #Stablecoin #USDT
	blockNo: "23741243"
	contractAddress: "0xff7b****1b9f44"
	direction: "send"
	from: "0x1429****7f855c"
	to: "0x8175****2f6540"
	tokenName: "USDT"
	tokenSymbol: "USDT"
	txHash: "0x4581c8****fc2a56fa"
	Expenses:FIXME 95.00000000 USDT
	Assets:Crypto:Software:Ethereum:0x1429****7f855c -95.00000000 USDT

2025-11-06 * "0x3e38****939e04" "USDT Send" #Stablecoin #USDT
	blockNo: "23741245"
	contractAddress: "0xff7b****1b9f44"
	direction: "send"
	from: "0x1429****7f855c"
	to: "0x3e38****939e04"
	tokenName: "USDT"
	tokenSymbol: "USDT"
	txHash: "0xf4da23****0e8c3222"
	Expenses:FIXME 1995.00000000 USDT
	Assets:Crypto:Software:Ethereum:0x1429****7f855c -1995.00000000 USDT

2025-11-06 * "0xc896****bd7aba" "USDT Send" #Stablecoin #USDT
	blockNo: "23741247"
	contractAddress: "0xff7b****1b9f44"
	direction: "send"
	from: "0x1429****7f855c"
	to: "0xc896****bd7aba"
	tokenName: "USDT"
	tokenSymbol: "USDT"
	txHash: "0xaba712****8ea2bdad"
	Expenses:FIXME 1527.60000000 USDT
	Assets:Crypto:Software:Ethereum:0x1429****7f855c -1527.60000000 USDT

2025-11-06 * "0x56cd****87eb73" "0xe0df****a7a156 Send"
	blockNo: "23741249"
	contractAddress: "0x5992****376d9b"
	direction: "send"
	from: "0x1429****7f855c"
	to: "0x56cd****87eb73"
	tokenName: "0xe0df****a7a156"
	tokenSymbol: "0xe0df****a7a156"
	txHash: "0xaae928****ec2b80cd"
	Expenses:FIXME 1995.00000000 0xe0df****a7a156
	Assets:Crypto:Software:Ethereum:0x1429****7f855c -1995.00000000 0xe0df****a7a156

2025-11-06 * "0x550b****975f83" "USDT Send" #Stablecoin #USDT
	blockNo: "23741249"
	contractAddress: "0xff7b****1b9f44"
	direction: "send"
	from: "0x1429****7f855c"
	to: "0x550b****975f83"
	tokenName: "USDT"
	tokenSymbol: "USDT"
	txHash: "0x74422e****a57ee63f"
	Expenses:FIXME 372.40000000 USDT
	Assets:Crypto:Software:Ethereum:0x1429****7f855c -372.40000000 USDT

2025-11-06 * "0x36ae****f903f8" "0xe0df****a7a156 Send"
	blockNo: "23741250"
	contractAddress: "0x5992****376d9b"
	direction: "send"
	from: "0x1429****7f855c"
	to: "0x36ae****f903f8"
	tokenName: "0xe0df****a7a156"
	tokenSymbol: "0xe0df****a7a156"
	txHash: "0xd99332****de0febcd"
	Expenses:FIXME 95.00000000 0xe0df****a7a156
	Assets:Crypto:Software:Ethereum:0x1429****7f855c -95.00000000 0xe0df****a7a156

2025-11-06 * "0xdd45****468f14" "USDT Send" #Stablecoin #USDT
	blockNo: "23741251"
	contractAddress: "0xff7b****1b9f44"
	direction: "send"
	from: "0x1429****7f855c"
	to: "0xdd45****468f14"
	tokenName: "USDT"
	tokenSymbol: "USDT"
	txHash: "0xc88b39****58aa8fdc"
	Expenses:FIXME 45.00000000 USDT
	Assets:Crypto:Software:Ethereum:0x1429****7f855c -45.00000000 USDT

2025-11-06 * "0x050c****105eb4" "USDC Send" #Stablecoin #USDC
	blockNo: "23741254"
	contractAddress: "0xcaf2****16e452"
	direction: "send"
	from: "0x1429****7f855c"
	to: "0x050c****105eb4"
	tokenName: "USDC"
	tokenSymbol: "USDC"
	txHash: "0x24dcdc****9f4eee49"
	Expenses:FIXME 1234.62961100 USDC
	Assets:Crypto:Ethereum:USDC -1234.62961100 USDC

2025-11-06 * "0x7fa0****35760a" "0xe0df****a7a156 Send"
	blockNo: "23741255"
	contractAddress: "0x5992****376d9b"
	direction: "send"
	from: "0x1429****7f855c"
	to: "0x7fa0****35760a"
	tokenName: "0xe0df****a7a156"
	tokenSymbol: "0xe0df****a7a156"
	txHash: "0x3cf680****e2690f52"
	Expenses:FIXME 45.00000000 0xe0df****a7a156
	Assets:Crypto:Software:Ethereum:0x1429****7f855c -45.00000000 0xe0df****a7a156

2025-11-06 * "0xd104****534d87" "0xe0df****a7a156 Send"
	blockNo: "23741256"
	contractAddress: "0x5992****376d9b"
	direction: "send"
	from: "0x1429****7f855c"
	to: "0xd104****534d87"
	tokenName: "0xe0df****a7a156"
	tokenSymbol: "0xe0df****a7a156"
	txHash: "0xc7b52f****52640907"
	Expenses:FIXME 1527.60000000 0xe0df****a7a156
	Assets:Crypto:Software:Ethereum:0x1429****7f855c -1527.60000000 0xe0df****a7a156

2025-11-06 * "0xdad4****fa5feb" "0xe0df****a7a156 Send"
	blockNo: "23741256"
	contractAddress: "0x5992****376d9b"
	direction: "send"
	from: "0x1429****7f855c"
	to: "0xdad4****fa5feb"
	tokenName: "0xe0df****a7a156"
	tokenSymbol: "0xe0df****a7a156"
	txHash: "0xc7b52f****52640907"
	Expenses:FIXME 372.40000000 0xe0df****a7a156
	Assets:Crypto:Software:Ethereum:0x1429****7f855c -372.40000000 0xe0df****a7a156

2025-11-06 * "0x1860****5aadb6" "0x5478****11b010 Send"
	blockNo: "23741258"
	contractAddress: "0xadf5****7db414"
	direction: "send"
	from: "0x1429****7f855c"
	to: "0x1860****5aadb6"
	tokenName: "0x5478****11b010"
	tokenSymbol: "0x5478****11b010"
	txHash: "0x3c6449****ce99a696"
	Expenses:FIXME 1234.62961100 0x5478****11b010
	Assets:Crypto:Software:Ethereum:0x1429****7f855c -1234.62961100 0x5478****11b010

2025-11-07 * "0xc896****bd7aba" "USDT Send" #Stablecoin #USDT
	blockNo: "23741311"
	contractAddress: "0xff7b****1b9f44"
	direction: "send"
	from: "0x1429****7f855c"
	to: "0xc896****bd7aba"
	tokenName: "USDT"
	tokenSymbol: "USDT"
	txHash: "0xa1f6d8****d5be0342"
	Expenses:FIXME 45.00000000 USDT
	Assets:Crypto:Software:Ethereum:0x1429****7f855c -45.00000000 USDT

2025-11-07 * "0x8bff****1a2151" "USDT Send" #Stablecoin #USDT
	blockNo: "23741313"
	contractAddress: "0xff7b****1b9f44"
	direction: "send"
	from: "0x1429****7f855c"
	to: "0x8bff****1a2151"
	tokenName: "USDT"
	tokenSymbol: "USDT"
	txHash: "0x4c583c****c39bfa08"
	Expenses:FIXME 45.00080000 USDT
	Assets:Crypto:Software:Ethereum:0x1429****7f855c -45.00080000 USDT

2025-11-07 * "0x1fff****5f2bac" "USDT Send" #Stablecoin #USDT
	blockNo: "23741315"
	contractAddress: "0xff7b****1b9f44"
	direction: "send"
	from: "0x1429****7f855c"
	to: "0x1fff****5f2bac"
	tokenName: "USDT"
	tokenSymbol: "USDT"
	txHash: "0x878ed0****e79d74b8"
	Expenses:FIXME 1026.00000000 USDT
	Assets:Crypto:Software:Ethereum:0x1429****7f855c -1026.00000000 USDT

2025-11-07 * "0xda75****d9e2c4" "USDT Send" #Stablecoin #USDT
	blockNo: "23741317"
	contractAddress: "0xff7b****1b9f44"
	direction: "send"
	from: "0x1429****7f855c"
	to: "0xda75****d9e2c4"
	tokenName: "USDT"
	tokenSymbol: "USDT"
	txHash: "0xa245fa****afb07118"
	Expenses:FIXME 75.00000000 USDT
	Assets:Crypto:Software:Ethereum:0x1429****7f855c -75.00000000 USDT

2025-11-07 * "0xd104****534d87" "0x691b****8d9533 Send"
	blockNo: "23741324"
	contractAddress: "0xfdde****6e1e16"
	direction: "send"
	from: "0x1429****7f855c"
	to: "0xd104****534d87"
	tokenName: "0x691b****8d9533"
	tokenSymbol: "0x691b****8d9533"
	txHash: "0x6f0f82****5788c639"
	Expenses:FIXME 45.00000000 0x691b****8d9533
	Assets:Crypto:Software:Ethereum:0x1429****7f855c -45.00000000 0x691b****8d9533

2025-11-07 * "0xf76f****21ceb0" "0x691b****8d9533 Send"
	blockNo: "23741324"
	contractAddress: "0xfdde****6e1e16"
	direction: "send"
	from: "0x1429****7f855c"
	to: "0xf76f****21ceb0"
	tokenName: "0x691b****8d9533"
	tokenSymbol: "0x691b****8d9533"
	txHash: "0x6f0f82****5788c639"
	Expenses:FIXME 45.00080000 0x691b****8d9533
	Assets:Crypto:Software:Ethereum:0x1429****7f855c -45.00080000 0x691b****8d9533

2025-11-07 * "0x438e****348f62" "0x691b****8d9533 Send"
	blockNo: "23741324"
	contractAddress: "0xfdde****6e1e16"
	direction: "send"
	from: "0x1429****7f855c"
	to: "0x438e****348f62"
	tokenName: "0x691b****8d9533"
	tokenSymbol: "0x691b****8d9533"
	txHash: "0x6f0f82****5788c639"
	Expenses:FIXME 75.00000000 0x691b****8d9533
	Assets:Crypto:Software:Ethereum:0x1429****7f855c -75.00000000 0x691b****8d9533

2025-11-07 * "0x8a41****6cbe01" "0x691b****8d9533 Send"
	blockNo: "23741324"
	contractAddress: "0xfdde****6e1e16"
	direction: "send"
	from: "0x1429****7f855c"
	to: "0x8a41****6cbe01"
	tokenName: "0x691b****8d9533"
	tokenSymbol: "0x691b****8d9533"
	txHash: "0x6f0f82****5788c639"
	Expenses:FIXME 1026.00000000 0x691b****8d9533
	Assets:Crypto:Software:Ethereum:0x1429****7f855c -1026.00000000 0x691b****8d9533

2025-11-07 * "0x4197****c08267" "USDT Send" #Stablecoin #USDT
	blockNo: "23741422"
	contractAddress: "0xff7b****1b9f44"
	direction: "send"
	from: "0x1429****7f855c"
	to: "0x4197****c08267"
	tokenName: "USDT"
	tokenSymbol: "USDT"
	txHash: "0x13c1e8****b72ee55d"
	Expenses:FIXME 15.00000000 USDT
	Assets:Crypto:Software:Ethereum:0x1429****7f855c -15.00000000 USDT

2025-11-07 * "0xf370****deb040" "USDT Send" #Stablecoin #USDT
	blockNo: "23741424"
	contractAddress: "0xff7b****1b9f44"
	direction: "send"
	from: "0x1429****7f855c"
	to: "0xf370****deb040"
	tokenName: "USDT"
	tokenSymbol: "USDT"
	txHash: "0x00c5d7****a459f685"
	Expenses:FIXME 95.00000000 USDT
	Assets:Crypto:Software:Ethereum:0x1429****7f855c -95.00000000 USDT

2025-11-07 * "0x5afe****1b32c0" "0x062b****8148f1 Send"
	blockNo: "23741425"
	contractAddress: "0x6c51****a97db5"
	direction: "send"
	from: "0x1429****7f855c"
	to: "0x5afe****1b32c0"
	tokenName: "0x062b****8148f1"
	tokenSymbol: "0x062b****8148f1"
	txHash: "0xaace69****5e1dbca2"
	Expenses:FIXME 15.00000000 0x062b****8148f1
	Assets:Crypto:Software:Ethereum:0x1429****7f855c -15.00000000 0x062b****8148f1

2025-11-07 * "0x277d****4dca94" "USDT Send" #Stablecoin #USDT
	blockNo: "23741426"
	contractAddress: "0xff7b****1b9f44"
	direction: "send"
	from: "0x1429****7f855c"
	to: "0x277d****4dca94"
	tokenName: "USDT"
	tokenSymbol: "USDT"
	txHash: "0x566f0e****5d210e5d"
	Expenses:FIXME 501.60000000 USDT
	Assets:Crypto:Software:Ethereum:0x1429****7f855c -501.60000000 USDT

2025-11-07 * "0xcaec****456774" "USDT Send" #Stablecoin #USDT
	blockNo: "23741427"
	contractAddress: "0xff7b****1b9f44"
	direction: "send"
	from: "0x1429****7f855c"
	to: "0xcaec****456774"
	tokenName: "USDT"
	tokenSymbol: "USDT"
	txHash: "0xae1404****c533671a"
	Expenses:FIXME 2647.38400000 USDT
	Assets:Crypto:Software:Ethereum:0x1429****7f855c -2647.38400000 USDT

2025-11-07 * "0xeadf****5a8e5a" "0x062b****8148f1 Send"
	blockNo: "23741428"
	contractAddress: "0x6c51****a97db5"
	direction: "send"
	from: "0x1429****7f855c"
	to: "0xeadf****5a8e5a"
	tokenName: "0x062b****8148f1"
	tokenSymbol: "0x062b****8148f1"
	txHash: "0xf4b52b****173b1c0d"
	Expenses:FIXME 95.00000000 0x062b****8148f1
	Assets:Crypto:Software:Ethereum:0x1429****7f855c -95.00000000 0x062b****8148f1

2025-11-07 * "0x766c****f78186" "USDT Send" #Stablecoin #USDT
	blockNo: "23741429"
	contractAddress: "0xff7b****1b9f44"
	direction: "send"
	from: "0x1429****7f855c"
	to: "0x766c****f78186"
	tokenName: "USDT"
	tokenSymbol: "USDT"
	txHash: "0x50f7ef****9d80853d"
	Expenses:FIXME 313.50000000 USDT
	Assets:Crypto:Software:Ethereum:0x1429****7f855c -313.50000000 USDT

2025-11-07 * "0x251b****441be9" "0x062b****8148f1 Send"
	blockNo: "23741430"
	contractAddress: "0x6c51****a97db5"
	direction: "send"
	from: "0x1429****7f855c"
	to: "0x251b****441be9"
	tokenName: "0x062b****8148f1"
	tokenSymbol: "0x062b****8148f1"
	txHash: "0x26774b****e7cafdd3"
	Expenses:FIXME 2647.38400000 0x062b****8148f1
	Assets:Crypto:Software:Ethereum:0x1429****7f855c -2647.38400000 0x062b****8148f1

2025-11-07 * "0x7ea4****0ea93e" "USDT Send" #Stablecoin #USDT
	blockNo: "23741431"
	contractAddress: "0xff7b****1b9f44"
	direction: "send"
	from: "0x1429****7f855c"
	to: "0x7ea4****0ea93e"
	tokenName: "USDT"
	tokenSymbol: "USDT"
	txHash: "0x0d6399****1a21a22d"
	Expenses:FIXME 402.80000000 USDT
	Assets:Crypto:Software:Ethereum:0x1429****7f855c -402.80000000 USDT

2025-11-07 * "0x3e39****e28441" "0x062b****8148f1 Send"
	blockNo: "23741434"
	contractAddress: "0x6c51****a97db5"
	direction: "send"
	from: "0x1429****7f855c"
	to: "0x3e39****e28441"
	tokenName: "0x062b****8148f1"
	tokenSymbol: "0x062b****8148f1"
	txHash: "0xedd92f****19c71ff5"
	Expenses:FIXME 402.80000000 0x062b****8148f1
	Assets:Crypto:Software:Ethereum:0x1429****7f855c -402.80000000 0x062b****8148f1

2025-11-07 * "0xe316****ad4bcb" "0x062b****8148f1 Send"
	blockNo: "23741435"
	contractAddress: "0x6c51****a97db5"
	direction: "send"
	from: "0x1429****7f855c"
	to: "0xe316****ad4bcb"
	tokenName: "0x062b****8148f1"
	tokenSymbol: "0x062b****8148f1"
	txHash: "0xa26a0d****85e5b352"
	Expenses:FIXME 501.60000000 0x062b****8148f1
	Assets:Crypto:Software:Ethereum:0x1429****7f855c -501.60000000 0x062b****8148f1

2025-11-07 * "0x07f3****b35fed" "USDT Receive" #Stablecoin #USDT
	blockNo: "23741440"
	contractAddress: "0xff7b****1b9f44"
	direction: "recv"
	from: "0x07f3****b35fed"
	to: "0x1429****7f855c"
	tokenName: "USDT"
	tokenSymbol: "USDT"
	txHash: "0x0d71bc****a55a1fe5"
	Assets:Crypto:Software:Ethereum:0x1429****7f855c 25000.00000000 USDT
	Income:Crypto:Transfer -25000.00000000 USDT

2025-11-07 * "0x8cb0****e3e4e7" "0x062b****8148f1 Send"
	blockNo: "23741445"
	contractAddress: "0x6c51****a97db5"
	direction: "send"
	from: "0x1429****7f855c"
	to: "0x8cb0****e3e4e7"
	tokenName: "0x062b****8148f1"
	tokenSymbol: "0x062b****8148f1"
	txHash: "0x709ce1****ffe4c522"
	Expenses:FIXME 313.50000000 0x062b****8148f1
	Assets:Crypto:Software:Ethereum:0x1429****7f855c -313.50000000 0x062b****8148f1

2025-11-07 * "0xebfe****c959a7" "USDT Send" #Stablecoin #USDT
	blockNo: "23741460"
	contractAddress: "0xff7b****1b9f44"
	direction: "send"
	from: "0x1429****7f855c"
	to: "0xebfe****c959a7"
	tokenName: "USDT"
	tokenSymbol: "USDT"
	txHash: "0xcf999b****7a8a412e"
	Expenses:FIXME 6935.00000000 USDT
	Assets:Crypto:Software:Ethereum:0x1429****7f855c -6935.00000000 USDT

2025-11-07 * "0x6ec2****37a3c7" "0x062b****8148f1 Send"
	blockNo: "23741464"
	contractAddress: "0x6c51****a97db5"
	direction: "send"
	from: "0x1429****7f855c"
	to: "0x6ec2****37a3c7"
	tokenName: "0x062b****8148f1"
	tokenSymbol: "0x062b****8148f1"
	txHash: "0xcac4f3****78c75f29"
	Expenses:FIXME 6935.00000000 0x062b****8148f1
	Assets:Crypto:Software:Ethereum:0x1429****7f855c -6935.00000000 0x062b****8148f1

2025-11-07 * "0xcd5e****4cf40c" "USDT Send" #Stablecoin #USDT
	blockNo: "23741577"
	contractAddress: "0xff7b****1b9f44"
	direction: "send"
	from: "0x1429****7f855c"
	to: "0xcd5e****4cf40c"
	tokenName: "USDT"
	tokenSymbol: "USDT"
	txHash: "0x755562****38dbf14c"
	Expenses:FIXME 262.20000000 USDT
	Assets:Crypto:Software:Ethereum:0x1429****7f855c -262.20000000 USDT

2025-11-07 * "0x1018****06d7d9" "USDT Send" #Stablecoin #USDT
	blockNo: "23741579"
	contractAddress: "0xff7b****1b9f44"
	direction: "send"
	from: "0x1429****7f855c"
	to: "0x1018****06d7d9"
	tokenName: "USDT"
	tokenSymbol: "USDT"
	txHash: "0x6ae101****220a90f5"
	Expenses:FIXME 503.50000000 USDT
	Assets:Crypto:Software:Ethereum:0x1429****7f855c -503.50000000 USDT

2025-11-07 * "0x4c82****cc9a0a" "0x062b****8148f1 Send"
	blockNo: "23741580"
	contractAddress: "0x6c51****a97db5"
	direction: "send"
	from: "0x1429****7f855c"
	to: "0x4c82****cc9a0a"
	tokenName: "0x062b****8148f1"
	tokenSymbol: "0x062b****8148f1"
	txHash: "0x90b155****40b2b57e"
	Expenses:FIXME 262.20000000 0x062b****8148f1
	Assets:Crypto:Software:Ethereum:0x1429****7f855c -262.20000000 0x062b****8148f1

2025-11-07 * "0x7e2b****e599d8" "USDT Send" #Stablecoin #USDT
	blockNo: "23741581"
	contractAddress: "0xff7b****1b9f44"
	direction: "send"
	from: "0x1429****7f855c"
	to: "0x7e2b****e599d8"
	tokenName: "USDT"
	tokenSymbol: "USDT"
	txHash: "0x2f354f****c4fbc259"
	Expenses:FIXME 95.00000000 USDT
	Assets:Crypto:Software:Ethereum:0x1429****7f855c -95.00000000 USDT

2025-11-07 * "0x6d27****fd9156" "USDT Send" #Stablecoin #USDT
	blockNo: "23741582"
	contractAddress: "0xff7b****1b9f44"
	direction: "send"
	from: "0x1429****7f855c"
	to: "0x6d27****fd9156"
	tokenName: "USDT"
	tokenSymbol: "USDT"
	txHash: "0xc7df66****b31d47fb"
	Expenses:FIXME 20.00000000 USDT
	Assets:Crypto:Software:Ethereum:0x1429****7f855c -20.00000000 USDT

2025-11-07 * "0x1c09****839ace" "0x062b****8148f1 Send"
	blockNo: "23741584"
	contractAddress: "0x6c51****a97db5"
	direction: "send"
	from: "0x1429****7f855c"
	to: "0x1c09****839ace"
	tokenName: "0x062b****8148f1"
	tokenSymbol: "0x062b****8148f1"
	txHash: "0x926e7e****184b8688"
	Expenses:FIXME 95.00000000 0x062b****8148f1
	Assets:Crypto:Software:Ethereum:0x1429****7f855c -95.00000000 0x062b****8148f1

2025-11-07 * "0x5b01****d4bb99" "USDT Send" #Stablecoin #USDT
	blockNo: "23741585"
	contractAddress: "0xff7b****1b9f44"
	direction: "send"
	from: "0x1429****7f855c"
	to: "0x5b01****d4bb99"
	tokenName: "USDT"
	tokenSymbol: "USDT"
	txHash: "0xb0a48a****a751fcf2"
	Expenses:FIXME 260.30000000 USDT
	Assets:Crypto:Software:Ethereum:0x1429****7f855c -260.30000000 USDT

2025-11-07 * "0x873a****1e124b" "0x062b****8148f1 Send"
	blockNo: "23741585"
	contractAddress: "0x6c51****a97db5"
	direction: "send"
	from: "0x1429****7f855c"
	to: "0x873a****1e124b"
	tokenName: "0x062b****8148f1"
	tokenSymbol: "0x062b****8148f1"
	txHash: "0x21e03e****1afd8854"
	Expenses:FIXME 20.00000000 0x062b****8148f1
	Assets:Crypto:Software:Ethereum:0x1429****7f855c -20.00000000 0x062b****8148f1

2025-11-07 * "0x8d9f****0676af" "USDT Send" #Stablecoin #USDT
	blockNo: "23741587"
	contractAddress: "0xff7b****1b9f44"
	direction: "send"
	from: "0x1429****7f855c"
	to: "0x8d9f****0676af"
	tokenName: "USDT"
	tokenSymbol: "USDT"
	txHash: "0x059e23****d54e6dbc"
	Expenses:FIXME 142.50000000 USDT
	Assets:Crypto:Software:Ethereum:0x1429****7f855c -142.50000000 USDT

2025-11-07 * "0x49ee****61fbe4" "0x062b****8148f1 Send"
	blockNo: "23741591"
	contractAddress: "0x6c51****a97db5"
	direction: "send"
	from: "0x1429****7f855c"
	to: "0x49ee****61fbe4"
	tokenName: "0x062b****8148f1"
	tokenSymbol: "0x062b****8148f1"
	txHash: "0x48984d****258e8186"
	Expenses:FIXME 142.50000000 0x062b****8148f1
	Assets:Crypto:Software:Ethereum:0x1429****7f855c -142.50000000 0x062b****8148f1

2025-11-07 * "0x123f****d61a7f" "0x062b****8148f1 Send"
	blockNo: "23741593"
	contractAddress: "0x6c51****a97db5"
	direction: "send"
	from: "0x1429****7f855c"
	to: "0x123f****d61a7f"
	tokenName: "0x062b****8148f1"
	tokenSymbol: "0x062b****8148f1"
	txHash: "0xadada7****d0b95d4e"
	Expenses:FIXME 260.30000000 0x062b****8148f1
	Assets:Crypto:Software:Ethereum:0x1429****7f855c -260.30000000 0x062b****8148f1

2025-11-07 * "0x2d94****ff32cd" "0x062b****8148f1 Send"
	blockNo: "23741595"
	contractAddress: "0x6c51****a97db5"
	direction: "send"
	from: "0x1429****7f855c"
	to: "0x2d94****ff32cd"
	tokenName: "0x062b****8148f1"
	tokenSymbol: "0x062b****8148f1"
	txHash: "0x776670****7c237405"
	Expenses:FIXME 503.50000000 0x062b****8148f1
	Assets:Crypto:Software:Ethereum:0x1429****7f855c -503.50000000 0x062b****8148f1

2025-11-07 * "0xd928****17cbdb" "USDT Send" #Stablecoin #USDT
	blockNo: "23741685"
	contractAddress: "0xff7b****1b9f44"
	direction: "send"
	from: "0x1429****7f855c"
	to: "0xd928****17cbdb"
	tokenName: "USDT"
	tokenSymbol: "USDT"
	txHash: "0x5c9044****bb420e98"
	Expenses:FIXME 15.00000000 USDT
	Assets:Crypto:Software:Ethereum:0x1429****7f855c -15.00000000 USDT

2025-11-07 * "0x2eba****47bad3" "USDT Send" #Stablecoin #USDT #SmallAirdrop
	blockNo: "23741686"
	contractAddress: "0xff7b****1b9f44"
	direction: "send"
	from: "0x1429****7f855c"
	to: "0x2eba****47bad3"
	tokenName: "USDT"
	tokenSymbol: "USDT"
	txHash: "0x0540b3****e563f600"
	Income:Crypto:Airdrop 10.00000000 USDT
	Assets:Crypto:Software:Ethereum:0x1429****7f855c -10.00000000 USDT

2025-11-07 * "0x3de2****3d8e7d" "USDT Send" #Stablecoin #USDT
	blockNo: "23741688"
	contractAddress: "0xff7b****1b9f44"
	direction: "send"
	from: "0x1429****7f855c"
	to: "0x3de2****3d8e7d"
	tokenName: "USDT"
	tokenSymbol: "USDT"
	txHash: "0xd3fd22****6d8c4ff2"
	Expenses:FIXME 2802.50000000 USDT
	Assets:Crypto:Software:Ethereum:0x1429****7f855c -2802.50000000 USDT

2025-11-07 * "0x5783****3a200f" "0x062b****8148f1 Send"
	blockNo: "23741689"
	contractAddress: "0x6c51****a97db5"
	direction: "send"
	from: "0x1429****7f855c"
	to: "0x5783****3a200f"
	tokenName: "0x062b****8148f1"
	tokenSymbol: "0x062b****8148f1"
	txHash: "0x334efb****efbd4cb5"
	Expenses:FIXME 15.00000000 0x062b****8148f1
	Assets:Crypto:Software:Ethereum:0x1429****7f855c -15.00000000 0x062b****8148f1

2025-11-07 * "0xf5e6****664bce" "0x062b****8148f1 Send" #SmallAirdrop
	blockNo: "23741690"
	contractAddress: "0x6c51****a97db5"
	direction: "send"
	from: "0x1429****7f855c"
	to: "0xf5e6****664bce"
	tokenName: "0x062b****8148f1"
	tokenSymbol: "0x062b****8148f1"
	txHash: "0xf37bb9****2b07286d"
	Income:Crypto:Airdrop 10.00000000 0x062b****8148f1
	Assets:Crypto:Software:Ethereum:0x1429****7f855c -10.00000000 0x062b****8148f1

2025-11-07 * "0xe3b0****9adc6b" "USDT Send" #Stablecoin #USDT
	blockNo: "23741690"
	contractAddress: "0xff7b****1b9f44"
	direction: "send"
	from: "0x1429****7f855c"
	to: "0xe3b0****9adc6b"
	tokenName: "USDT"
	tokenSymbol: "USDT"
	txHash: "0x69d0eb****d24984f4"
	Expenses:FIXME 95.00000000 USDT
	Assets:Crypto:Software:Ethereum:0x1429****7f855c -95.00000000 USDT

2025-11-07 * "0xdc7b****4e4ad3" "USDT Send" #Stablecoin #USDT
	blockNo: "23741692"
	contractAddress: "0xff7b****1b9f44"
	direction: "send"
	from: "0x1429****7f855c"
	to: "0xdc7b****4e4ad3"
	tokenName: "USDT"
	tokenSymbol: "USDT"
	txHash: "0xa39ddc****2915e753"
	Expenses:FIXME 501.60000000 USDT
	Assets:Crypto:Software:Ethereum:0x1429****7f855c -501.60000000 USDT

2025-11-07 * "0x8a94****130f01" "USDC Send" #Stablecoin #USDC
	blockNo: "23741695"
	contractAddress: "0xcaf2****16e452"
	direction: "send"
	from: "0x1429****7f855c"
	to: "0x8a94****130f01"
	tokenName: "USDC"
	tokenSymbol: "USDC"
	txHash: "0x7f2017****919df3b4"
	Expenses:FIXME 92.98422000 USDC
	Assets:Crypto:Ethereum:USDC -92.98422000 USDC

2025-11-07 * "0x6675****3b013d" "USDC Send" #Stablecoin #USDC
	blockNo: "23741697"
	contractAddress: "0xcaf2****16e452"
	direction: "send"
	from: "0x1429****7f855c"
	to: "0x6675****3b013d"
	tokenName: "USDC"
	tokenSymbol: "USDC"
	txHash: "0x3613f9****794bf5cc"
	Expenses:FIXME 332.36705000 USDC
	Assets:Crypto:Ethereum:USDC -332.36705000 USDC

2025-11-07 * "0x3fd2****964576" "0x7baf****abff03 Send"
	blockNo: "23741698"
	contractAddress: "0xb6b4****3d0e65"
	direction: "send"
	from: "0x1429****7f855c"
	to: "0x3fd2****964576"
	tokenName: "0x7baf****abff03"
	tokenSymbol: "0x7baf****abff03"
	txHash: "0x2be160****4a8ac893"
	Expenses:FIXME 92.98422000 0x7baf****abff03
	Assets:Crypto:Software:Ethereum:0x1429****7f855c -92.98422000 0x7baf****abff03

2025-11-07 * "0x9664****38206b" "0xa34a****bd7b4b Send"
	blockNo: "23741711"
